<?xml version="1.0" encoding="UTF-8"?>
<!DOCTYPE html PUBLIC "-//W3C//DTD XHTML 1.0 Transitional//EN"
    "http://www.w3.org/TR/xhtml1/DTD/xhtml1-transitional.dtd">
<html xmlns="http://www.w3.org/1999/xhtml" xml:lang="en" lang="en">
 <head>
  <title>
</title>
<meta http-equiv="Content-Type" content="text/html;charset=utf-8" />
  <meta name='ocr-system' content='tesseract 3.04.00' />
  <meta name='ocr-capabilities' content='ocr_page ocr_carea ocr_par ocr_line ocrx_word'/>
</head>
<body>
  <div class='ocr_page' id='page_1' title='image "./commentariainpri04fagn_0159.png"; bbox 0 0 2353 3652; ppageno 0'>
   <div class='ocr_carea' id='block_1_1' title="bbox 40 498 98 524">
    <p class='ocr_par' dir='ltr' id='par_1_1' title="bbox 40 498 98 524">
     <span class='ocr_line' id='line_1_1' title="bbox 40 498 98 524; baseline -0.034 0"><span class='ocrx_word' id='word_1_1' title='bbox 40 498 98 524; x_wconf 82' lang='lat'>112</span> 
     </span>
    </p>
   </div>
   <div class='ocr_carea' id='block_1_2' title="bbox 715 110 1508 173">
    <p class='ocr_par' dir='ltr' id='par_1_2' title="bbox 715 110 1508 173">
     <span class='ocr_line' id='line_1_2' title="bbox 715 110 1508 173; baseline -0.006 -1"><span class='ocrx_word' id='word_1_2' title='bbox 715 117 801 172; x_wconf 92' lang='lat' dir='ltr'>De</span> <span class='ocrx_word' id='word_1_3' title='bbox 832 114 1082 173; x_wconf 69' lang='lat' dir='ltr'>Sithonia,</span> <span class='ocrx_word' id='word_1_4' title='bbox 1123 125 1167 163; x_wconf 81' lang='lat' dir='ltr'>c.</span> <span class='ocrx_word' id='word_1_5' title='bbox 1187 110 1336 168; x_wconf 69' lang='lat' dir='ltr'>Licet</span> <span class='ocrx_word' id='word_1_6' title='bbox 1356 112 1508 170; x_wconf 89' lang='lat' dir='ltr'>Heli.</span> 
     </span>
    </p>
   </div>
   <div class='ocr_carea' id='block_1_3' title="bbox 2020 121 2084 182">
    <p class='ocr_par' dir='ltr' id='par_1_3' title="bbox 2020 121 2084 182">
     <span class='ocr_line' id='line_1_3' title="bbox 2020 121 2084 182; baseline 0 -15"><span class='ocrx_word' id='word_1_7' title='bbox 2020 121 2084 182; x_wconf 68' lang='lat'>48</span> 
     </span>
    </p>
   </div>
   <div class='ocr_carea' id='block_1_4' title="bbox 113 200 2136 287">
    <p class='ocr_par' dir='ltr' id='par_1_4' title="bbox 113 200 2136 287">
     <span class='ocr_line' id='line_1_4' title="bbox 116 200 2132 246; baseline 0 -12"><span class='ocrx_word' id='word_1_8' title='bbox 116 202 251 236; x_wconf 74' lang='lat' dir='ltr'>sentiant</span> <span class='ocrx_word' id='word_1_9' title='bbox 264 203 515 239; x_wconf 74' lang='lat' dir='ltr'>Mariamsocin.</span> <span class='ocrx_word' id='word_1_10' title='bbox 533 203 752 246; x_wconf 77' lang='lat' dir='ltr'>num.8.verfic.</span> <span class='ocrx_word' id='word_1_11' title='bbox 770 203 942 238; x_wconf 78' lang='lat' dir='ltr'>Conclude,</span> <span class='ocrx_word' id='word_1_12' title='bbox 964 204 996 234; x_wconf 88' lang='lat'>&amp;</span> <span class='ocrx_word' id='word_1_13' title='bbox 1012 202 1101 242; x_wconf 74' lang='lat' dir='ltr'>Joan-</span> <span class='ocrx_word' id='word_1_14' title='bbox 1143 200 1250 231; x_wconf 79' lang='lat' dir='ltr'>taffent</span> <span class='ocrx_word' id='word_1_15' title='bbox 1261 205 1465 240; x_wconf 81' lang='lat' dir='ltr'>opinionem,</span> <span class='ocrx_word' id='word_1_16' title='bbox 1484 204 1504 235; x_wconf 84' lang='lat' dir='ltr'>si</span> <span class='ocrx_word' id='word_1_17' title='bbox 1517 206 1682 244; x_wconf 72' lang='lat' dir='ltr'>pecuniam</span> <span class='ocrx_word' id='word_1_18' title='bbox 1693 214 1757 237; x_wconf 87' lang='lat' dir='ltr'>non</span> <span class='ocrx_word' id='word_1_19' title='bbox 1767 203 2062 242; x_wconf 75' lang='lat' dir='ltr'>accepiffentzunde</span> <span class='ocrx_word' id='word_1_20' title='bbox 2072 203 2132 235; x_wconf 81' lang='lat' dir='ltr'>ele-</span> 
     </span>
     <span class='ocr_line' id='line_1_5' title="bbox 113 241 2136 287; baseline 0 -12"><span class='ocrx_word' id='word_1_21' title='bbox 113 246 154 275; x_wconf 81' lang='lat' dir='ltr'>de</span> <span class='ocrx_word' id='word_1_22' title='bbox 165 245 266 276; x_wconf 70' lang='lat' dir='ltr'>Anxin.</span> <span class='ocrx_word' id='word_1_23' title='bbox 276 255 387 286; x_wconf 54' lang='lat' dir='ltr'>mmm.</span> <span class='ocrx_word' id='word_1_24' title='bbox 398 245 502 287; x_wconf 78' lang='lat' dir='ltr'>vcrfic.</span> <span class='ocrx_word' id='word_1_25' title='bbox 513 247 579 278; x_wconf 85' lang='lat' dir='ltr'>Sed</span> <span class='ocrx_word' id='word_1_26' title='bbox 587 247 727 277; x_wconf 81' lang='lat' dir='ltr'>adverte.</span> <span class='ocrx_word' id='word_1_27' title='bbox 737 246 860 278; x_wconf 78' lang='lat' dir='ltr'>Tamen</span> <span class='ocrx_word' id='word_1_28' title='bbox 870 255 935 277; x_wconf 90' lang='lat' dir='ltr'>non</span> <span class='ocrx_word' id='word_1_29' title='bbox 945 242 1103 275; x_wconf 75' lang='lat' dir='ltr'>videbitur</span> <span class='ocrx_word' id='word_1_30' title='bbox 1143 241 1209 273; x_wconf 69' lang='lat' dir='ltr'>ctio</span> <span class='ocrx_word' id='word_1_31' title='bbox 1220 244 1428 281; x_wconf 82' lang='lat' dir='ltr'>proculdubio</span> <span class='ocrx_word' id='word_1_32' title='bbox 1437 246 1477 276; x_wconf 82' lang='lat' dir='ltr'>est</span> <span class='ocrx_word' id='word_1_33' title='bbox 1487 246 1601 279; x_wconf 62' lang='lat' dir='ltr'>insecta</span> <span class='ocrx_word' id='word_1_34' title='bbox 1612 268 1622 283; x_wconf 90' lang='lat'>,</span> <span class='ocrx_word' id='word_1_35' title='bbox 1645 249 1679 280; x_wconf 69' lang='grc' dir='ltr'>ὃ(</span> <span class='ocrx_word' id='word_1_36' title='bbox 1702 246 1872 277; x_wconf 79' lang='lat' dir='ltr'>simoniaca</span> <span class='ocrx_word' id='word_1_37' title='bbox 1882 264 1891 278; x_wconf 82' lang='lat'>‚</span> <span class='ocrx_word' id='word_1_38' title='bbox 1913 254 1947 274; x_wconf 94' lang='lat' dir='ltr'>ut</span> <span class='ocrx_word' id='word_1_39' title='bbox 1971 246 2003 276; x_wconf 87' lang='lat' dir='ltr'>in</span> <span class='ocrx_word' id='word_1_40' title='bbox 2015 245 2136 284; x_wconf 76' lang='lat' dir='ltr'>juribus</span> 
     </span>
    </p>
   </div>
   <div class='ocr_carea' id='block_1_5' title="bbox 115 285 1110 783">
    <p class='ocr_par' dir='ltr' id='par_1_5' title="bbox 115 285 1110 783">
     <span class='ocr_line' id='line_1_6' title="bbox 117 285 1108 322; baseline -0.001 -6"><span class='ocrx_word' id='word_1_41' title='bbox 117 288 328 320; x_wconf 83' lang='lat' dir='ltr'>recedendum</span> <span class='ocrx_word' id='word_1_42' title='bbox 339 289 354 319; x_wconf 74' lang='lat' dir='ltr'>a</span> <span class='ocrx_word' id='word_1_43' title='bbox 364 287 565 319; x_wconf 65' lang='lat' dir='ltr'>distinetione</span> <span class='ocrx_word' id='word_1_44' title='bbox 573 287 760 322; x_wconf 75' lang='lat' dir='ltr'>Hoiiiensis,</span> <span class='ocrx_word' id='word_1_45' title='bbox 774 297 840 319; x_wconf 89' lang='lat' dir='ltr'>tum</span> <span class='ocrx_word' id='word_1_46' title='bbox 853 287 894 318; x_wconf 89' lang='lat' dir='ltr'>ob</span> <span class='ocrx_word' id='word_1_47' title='bbox 904 286 990 317; x_wconf 86' lang='lat' dir='ltr'>illius</span> <span class='ocrx_word' id='word_1_48' title='bbox 1000 285 1108 317; x_wconf 75' lang='lat' dir='ltr'>autlio-</span> 
     </span>
     <span class='ocr_line' id='line_1_7' title="bbox 115 326 1110 370; baseline -0.002 -12"><span class='ocrx_word' id='word_1_49' title='bbox 115 328 240 359; x_wconf 76' lang='lat' dir='ltr'>ritatem</span> <span class='ocrx_word' id='word_1_50' title='bbox 258 350 267 364; x_wconf 84' lang='lat'>,</span> <span class='ocrx_word' id='word_1_51' title='bbox 289 331 322 362; x_wconf 72' lang='grc' dir='ltr'>δε</span> <span class='ocrx_word' id='word_1_52' title='bbox 344 328 513 369; x_wconf 82' lang='lat' dir='ltr'>seq-iatium</span> <span class='ocrx_word' id='word_1_53' title='bbox 531 339 538 359; x_wconf 90' lang='lat'>:</span> <span class='ocrx_word' id='word_1_54' title='bbox 560 336 628 360; x_wconf 88' lang='lat' dir='ltr'>tum</span> <span class='ocrx_word' id='word_1_55' title='bbox 648 331 718 370; x_wconf 81' lang='lat' dir='ltr'>quia</span> <span class='ocrx_word' id='word_1_56' title='bbox 741 329 877 360; x_wconf 87' lang='lat' dir='ltr'>multum</span> <span class='ocrx_word' id='word_1_57' title='bbox 899 326 1023 359; x_wconf 80' lang='lat' dir='ltr'>interest</span> <span class='ocrx_word' id='word_1_58' title='bbox 1040 346 1050 361; x_wconf 74' lang='lat'>‚</span> <span class='ocrx_word' id='word_1_59' title='bbox 1070 335 1110 357; x_wconf 83' lang='lat' dir='ltr'>an</span> 
     </span>
     <span class='ocr_line' id='line_1_8' title="bbox 117 368 1104 408; baseline 0 -10"><span class='ocrx_word' id='word_1_60' title='bbox 117 372 252 408; x_wconf 81' lang='lat' dir='ltr'>pecunia</span> <span class='ocrx_word' id='word_1_61' title='bbox 261 370 409 402; x_wconf 60' lang='lat' dir='ltr'>abeledffi</span> <span class='ocrx_word' id='word_1_62' title='bbox 418 369 589 402; x_wconf 82' lang='lat' dir='ltr'>datasuetit</span> <span class='ocrx_word' id='word_1_63' title='bbox 598 380 749 402; x_wconf 80' lang='lat' dir='ltr'>extraneo</span> <span class='ocrx_word' id='word_1_64' title='bbox 758 379 870 402; x_wconf 86' lang='lat' dir='ltr'>votum</span> <span class='ocrx_word' id='word_1_65' title='bbox 893 379 958 400; x_wconf 91' lang='lat' dir='ltr'>non</span> <span class='ocrx_word' id='word_1_66' title='bbox 977 368 1104 399; x_wconf 77' lang='lat' dir='ltr'>habenti</span> 
     </span>
     <span class='ocr_line' id='line_1_9' title="bbox 118 409 1105 451; baseline -0.001 -11"><span class='ocrx_word' id='word_1_67' title='bbox 118 409 243 444; x_wconf 77' lang='lat' dir='ltr'>adhoc,</span> <span class='ocrx_word' id='word_1_68' title='bbox 268 421 431 451; x_wconf 86' lang='lat' dir='ltr'>iitpteces,</span> <span class='ocrx_word' id='word_1_69' title='bbox 453 411 734 443; x_wconf 81' lang='lat' dir='ltr'>velauthoritatcm</span> <span class='ocrx_word' id='word_1_70' title='bbox 747 411 829 443; x_wconf 81' lang='lat' dir='ltr'>suam</span> <span class='ocrx_word' id='word_1_71' title='bbox 842 413 1022 450; x_wconf 81' lang='lat' dir='ltr'>interponat</span> <span class='ocrx_word' id='word_1_72' title='bbox 1033 419 1105 441; x_wconf 85' lang='lat' dir='ltr'>curn</span> 
     </span>
     <span class='ocr_line' id='line_1_10' title="bbox 118 450 1106 493; baseline 0 -12"><span class='ocrx_word' id='word_1_73' title='bbox 118 450 319 487; x_wconf 66' lang='lat' dir='ltr'>electoribus,</span> <span class='ocrx_word' id='word_1_74' title='bbox 330 462 362 483; x_wconf 89' lang='lat' dir='ltr'>ut</span> <span class='ocrx_word' id='word_1_75' title='bbox 374 453 587 493; x_wconf 74' lang='lat' dir='ltr'>eumeligant5</span> <span class='ocrx_word' id='word_1_76' title='bbox 611 463 649 484; x_wconf 83' lang='lat' dir='ltr'>an</span> <span class='ocrx_word' id='word_1_77' title='bbox 660 453 738 484; x_wconf 77' lang='lat' dir='ltr'>vero</span> <span class='ocrx_word' id='word_1_78' title='bbox 747 452 857 493; x_wconf 81' lang='lat' dir='ltr'>abipso</span> <span class='ocrx_word' id='word_1_79' title='bbox 868 451 990 488; x_wconf 69' lang='lat' dir='ltr'>eleeto,</span> <span class='ocrx_word' id='word_1_80' title='bbox 1010 452 1059 483; x_wconf 89' lang='lat' dir='ltr'>vel</span> <span class='ocrx_word' id='word_1_81' title='bbox 1069 450 1106 481; x_wconf 84' lang='lat' dir='ltr'>ab</span> 
     </span>
     <span class='ocr_line' id='line_1_11' title="bbox 120 493 1104 533; baseline 0.004 -11"><span class='ocrx_word' id='word_1_82' title='bbox 120 494 183 524; x_wconf 81' lang='lat' dir='ltr'>:ilio</span> <span class='ocrx_word' id='word_1_83' title='bbox 193 496 262 525; x_wconf 82' lang='lat' dir='ltr'>data</span> <span class='ocrx_word' id='word_1_84' title='bbox 271 493 503 533; x_wconf 81' lang='lat' dir='ltr'>fueritipsismet</span> <span class='ocrx_word' id='word_1_85' title='bbox 513 494 718 526; x_wconf 65' lang='lat' dir='ltr'>electoribus.</span> <span class='ocrx_word' id='word_1_86' title='bbox 738 494 828 528; x_wconf 82' lang='lat' dir='ltr'>Nam</span> <span class='ocrx_word' id='word_1_87' title='bbox 849 496 882 526; x_wconf 90' lang='lat' dir='ltr'>in</span> <span class='ocrx_word' id='word_1_88' title='bbox 902 496 1008 533; x_wconf 89' lang='lat' dir='ltr'>primo</span> <span class='ocrx_word' id='word_1_89' title='bbox 1021 494 1104 526; x_wconf 70' lang='lat' dir='ltr'>casu,</span> 
     </span>
     <span class='ocr_line' id='line_1_12' title="bbox 118 534 1105 576; baseline 0.001 -12"><span class='ocrx_word' id='word_1_90' title='bbox 118 537 262 575; x_wconf 78' lang='lat' dir='ltr'>quamvis</span> <span class='ocrx_word' id='word_1_91' title='bbox 271 535 386 567; x_wconf 74' lang='lat' dir='ltr'>electus</span> <span class='ocrx_word' id='word_1_92' title='bbox 396 534 562 567; x_wconf 86' lang='lat' dir='ltr'>simoniam</span> <span class='ocrx_word' id='word_1_93' title='bbox 574 535 785 572; x_wconf 81' lang='lat' dir='ltr'>commiserit,</span> <span class='ocrx_word' id='word_1_94' title='bbox 806 536 845 567; x_wconf 77' lang='lat' dir='ltr'>eo</span> <span class='ocrx_word' id='word_1_95' title='bbox 860 535 945 576; x_wconf 76' lang='lat' dir='ltr'>quod</span> <span class='ocrx_word' id='word_1_96' title='bbox 968 543 1024 574; x_wconf 89' lang='lat' dir='ltr'>pro</span> <span class='ocrx_word' id='word_1_97' title='bbox 1036 536 1105 576; x_wconf 89' lang='lat' dir='ltr'>jure</span> 
     </span>
     <span class='ocr_line' id='line_1_13' title="bbox 117 576 1107 618; baseline 0 -12"><span class='ocrx_word' id='word_1_98' title='bbox 117 576 444 616; x_wconf 78' lang='lat' dir='ltr'>spiritualiquaetendo</span> <span class='ocrx_word' id='word_1_99' title='bbox 456 577 768 618; x_wconf 80' lang='lat' dir='ltr'>nondcbeataliquid</span> <span class='ocrx_word' id='word_1_100' title='bbox 787 578 871 611; x_wconf 80' lang='lat' dir='ltr'>dari,</span> <span class='ocrx_word' id='word_1_101' title='bbox 896 578 1107 607; x_wconf 84' lang='lat' dir='ltr'>utnotatutin</span> 
     </span>
     <span class='ocr_line' id='line_1_14' title="bbox 118 617 1106 659; baseline -0.001 -11"><span class='ocrx_word' id='word_1_102' title='bbox 118 625 184 656; x_wconf 73' lang='lat' dir='ltr'>cap.</span> <span class='ocrx_word' id='word_1_103' title='bbox 206 619 259 649; x_wconf 85' lang='lat' dir='ltr'>Ad</span> <span class='ocrx_word' id='word_1_104' title='bbox 275 628 362 648; x_wconf 79' lang='lat' dir='ltr'>aures</span> <span class='ocrx_word' id='word_1_105' title='bbox 375 638 384 653; x_wconf 94' lang='lat'>‚</span> <span class='ocrx_word' id='word_1_106' title='bbox 399 617 495 657; x_wconf 81' lang='lat' dir='ltr'>supra&#39;</span> <span class='ocrx_word' id='word_1_107' title='bbox 504 620 625 653; x_wconf 81' lang='lat' dir='ltr'>eodem,</span> <span class='ocrx_word' id='word_1_108' title='bbox 649 619 798 657; x_wconf 73' lang='lat' dir='ltr'>&amp;locum</span> <span class='ocrx_word' id='word_1_109' title='bbox 808 618 1106 659; x_wconf 65' lang='lat' dir='ltr'>regiminisqiieren-</span> 
     </span>
     <span class='ocr_line' id='line_1_15' title="bbox 120 658 1108 702; baseline 0 -14"><span class='ocrx_word' id='word_1_110' title='bbox 120 658 219 692; x_wconf 85' lang='lat' dir='ltr'>tibus,</span> <span class='ocrx_word' id='word_1_111' title='bbox 242 660 275 690; x_wconf 60' lang='grc' dir='ltr'>δέ</span> <span class='ocrx_word' id='word_1_112' title='bbox 296 659 503 692; x_wconf 78' lang='lat' dir='ltr'>ambientibus</span> <span class='ocrx_word' id='word_1_113' title='bbox 526 660 561 691; x_wconf 86' lang='lat' dir='ltr'>sit</span> <span class='ocrx_word' id='word_1_114' title='bbox 583 662 804 702; x_wconf 78' lang='lat' dir='ltr'>denegandus,</span> <span class='ocrx_word' id='word_1_115' title='bbox 824 660 1108 700; x_wconf 70' lang='lat' dir='ltr'>caplnscripturi&#39;s,</span> 
     </span>
     <span class='ocr_line' id='line_1_16' title="bbox 116 700 1107 741; baseline 0.007 -12"><span class='ocrx_word' id='word_1_116' title='bbox 116 700 266 736; x_wconf 71' lang='lat' dir='ltr'>8.quaest.t</span> <span class='ocrx_word' id='word_1_117' title='bbox 302 710 404 731; x_wconf 83' lang='lat' dir='ltr'>iainen</span> <span class='ocrx_word' id='word_1_118' title='bbox 427 701 544 733; x_wconf 61' lang='lat' dir='ltr'>eiectio</span> <span class='ocrx_word' id='word_1_119' title='bbox 568 701 627 741; x_wconf 84' lang='lat' dir='ltr'>ipsa</span> <span class='ocrx_word' id='word_1_120' title='bbox 650 713 715 734; x_wconf 90' lang='lat' dir='ltr'>non</span> <span class='ocrx_word' id='word_1_121' title='bbox 738 703 811 734; x_wconf 81' lang='lat' dir='ltr'>esset</span> <span class='ocrx_word' id='word_1_122' title='bbox 829 702 1016 736; x_wconf 70' lang='lat' dir='ltr'>stimulam,</span> <span class='ocrx_word' id='word_1_123' title='bbox 1035 700 1107 733; x_wconf 69' lang='lat' dir='ltr'>Cslm</span> 
     </span>
     <span class='ocr_line' id='line_1_17' title="bbox 115 740 1106 783; baseline 0.001 -13"><span class='ocrx_word' id='word_1_124' title='bbox 115 740 268 772; x_wconf 69' lang='lat' dir='ltr'>electores</span> <span class='ocrx_word' id='word_1_125' title='bbox 280 743 446 780; x_wconf 77' lang='lat' dir='ltr'>pecuniam</span> <span class='ocrx_word' id='word_1_126' title='bbox 458 753 522 774; x_wconf 90' lang='lat' dir='ltr'>non</span> <span class='ocrx_word' id='word_1_127' title='bbox 532 746 724 783; x_wconf 72' lang='lat' dir='ltr'>receperint,</span> <span class='ocrx_word' id='word_1_128' title='bbox 734 746 767 777; x_wconf 64' lang='grc' dir='ltr'>ὃς</span> <span class='ocrx_word' id='word_1_129' title='bbox 777 742 852 775; x_wconf 66' lang='lat' dir='ltr'>alias</span> <span class='ocrx_word' id='word_1_130' title='bbox 861 743 989 775; x_wconf 71' lang='lat' dir='ltr'>eiecturi</span> <span class='ocrx_word' id='word_1_131' title='bbox 1000 741 1106 776; x_wconf 76' lang='lat' dir='ltr'>essent.</span> 
     </span>
    </p>
   </div>
   <div class='ocr_carea' id='block_1_6' title="bbox 1145 282 2143 778">
    <p class='ocr_par' dir='ltr' id='par_1_6' title="bbox 1145 282 2143 778">
     <span class='ocr_line' id='line_1_18' title="bbox 1149 282 2139 326; baseline 0.003 -13"><span class='ocrx_word' id='word_1_132' title='bbox 1149 282 1237 322; x_wconf 84' lang='lat' dir='ltr'>supra</span> <span class='ocrx_word' id='word_1_133' title='bbox 1248 286 1351 316; x_wconf 84' lang='lat' dir='ltr'>citatis</span> <span class='ocrx_word' id='word_1_134' title='bbox 1360 285 1396 316; x_wconf 80' lang='lat' dir='ltr'>ab</span> <span class='ocrx_word' id='word_1_135' title='bbox 1406 285 1548 319; x_wconf 80' lang='lat' dir='ltr'>Hossien.</span> <span class='ocrx_word' id='word_1_136' title='bbox 1569 287 1719 320; x_wconf 70' lang='lat' dir='ltr'>Praetetea</span> <span class='ocrx_word' id='word_1_137' title='bbox 1736 289 1768 319; x_wconf 89' lang='lat' dir='ltr'>in</span> <span class='ocrx_word' id='word_1_138' title='bbox 1791 289 1895 326; x_wconf 84' lang='lat' dir='ltr'>primo</span> <span class='ocrx_word' id='word_1_139' title='bbox 1911 284 1979 316; x_wconf 79' lang='lat' dir='ltr'>casu</span> <span class='ocrx_word' id='word_1_140' title='bbox 1997 295 2068 316; x_wconf 88' lang='lat' dir='ltr'>cum</span> <span class='ocrx_word' id='word_1_141' title='bbox 2080 286 2139 316; x_wconf 85' lang='lat' dir='ltr'>ele-</span> 
     </span>
     <span class='ocr_line' id='line_1_19' title="bbox 1149 323 2138 367; baseline 0.001 -10"><span class='ocrx_word' id='word_1_142' title='bbox 1149 323 1256 357; x_wconf 65' lang='lat' dir='ltr'>stores</span> <span class='ocrx_word' id='word_1_143' title='bbox 1266 326 1385 357; x_wconf 84' lang='lat' dir='ltr'>crimen</span> <span class='ocrx_word' id='word_1_144' title='bbox 1403 332 1470 359; x_wconf 83' lang='lat' dir='ltr'>&#39;non</span> <span class='ocrx_word' id='word_1_145' title='bbox 1488 333 1719 367; x_wconf 77' lang='lat' dir='ltr'>commiserint,</span> <span class='ocrx_word' id='word_1_146' title='bbox 1740 329 1819 360; x_wconf 77' lang='lat' dir='ltr'>bene</span> <span class='ocrx_word' id='word_1_147' title='bbox 1841 327 1971 367; x_wconf 79' lang='lat' dir='ltr'>probare</span> <span class='ocrx_word' id='word_1_148' title='bbox 1988 336 2138 365; x_wconf 84' lang='lat' dir='ltr'>poterunt</span> 
     </span>
     <span class='ocr_line' id='line_1_20' title="bbox 1149 365 2139 410; baseline 0.001 -12"><span class='ocrx_word' id='word_1_149' title='bbox 1149 365 1261 398; x_wconf 74' lang='lat' dir='ltr'>sealias</span> <span class='ocrx_word' id='word_1_150' title='bbox 1271 366 1428 399; x_wconf 70' lang='lat' dir='ltr'>electuros</span> <span class='ocrx_word' id='word_1_151' title='bbox 1438 367 1722 404; x_wconf 75' lang='lat' dir='ltr'>siiiffe,s&#39;ectiiidtiin</span> <span class='ocrx_word' id='word_1_152' title='bbox 1732 381 1784 405; x_wconf 77' lang='lat' dir='ltr'>ea,</span> <span class='ocrx_word' id='word_1_153' title='bbox 1806 378 1873 410; x_wconf 62' lang='lat' dir='ltr'>quse</span> <span class='ocrx_word' id='word_1_154' title='bbox 1883 367 2139 407; x_wconf 70' lang='lat' dir='ltr'>dictasuntsupra</span> 
     </span>
     <span class='ocr_line' id='line_1_21' title="bbox 1146 407 2139 453; baseline -0.001 -13"><span class='ocrx_word' id='word_1_155' title='bbox 1146 417 1278 444; x_wconf 80' lang='lat' dir='ltr'>num-19.</span> <span class='ocrx_word' id='word_1_156' title='bbox 1299 407 1396 442; x_wconf 67' lang='lat' dir='ltr'>Sectis</span> <span class='ocrx_word' id='word_1_157' title='bbox 1406 410 1438 440; x_wconf 87' lang='lat' dir='ltr'>in</span> <span class='ocrx_word' id='word_1_158' title='bbox 1448 410 1583 442; x_wconf 86' lang='lat' dir='ltr'>secundo</span> <span class='ocrx_word' id='word_1_159' title='bbox 1595 413 1663 444; x_wconf 78' lang='lat' dir='ltr'>casu</span> <span class='ocrx_word' id='word_1_160' title='bbox 1673 435 1681 448; x_wconf 89' lang='lat'><strong>‚</strong></span> <span class='ocrx_word' id='word_1_161' title='bbox 1704 415 1775 453; x_wconf 85' lang='lat' dir='ltr'>quia</span> <span class='ocrx_word' id='word_1_162' title='bbox 1785 418 1944 450; x_wconf 78' lang='lat' dir='ltr'>tamquam</span> <span class='ocrx_word' id='word_1_163' title='bbox 1956 408 2118 440; x_wconf 77' lang='lat' dir='ltr'>criminosi</span> <span class='ocrx_word' id='word_1_164' title='bbox 2130 430 2139 443; x_wconf 85' lang='lat'><strong><em>‚</em></strong></span> 
     </span>
     <span class='ocr_line' id='line_1_22' title="bbox 1148 448 2140 490; baseline -0.001 -8"><span class='ocrx_word' id='word_1_165' title='bbox 1148 451 1222 482; x_wconf 85' lang='lat' dir='ltr'>&amp;in</span> <span class='ocrx_word' id='word_1_166' title='bbox 1232 448 1316 481; x_wconf 63' lang='lat' dir='ltr'>facto</span> <span class='ocrx_word' id='word_1_167' title='bbox 1324 451 1456 489; x_wconf 86' lang='lat' dir='ltr'>proprio</span> <span class='ocrx_word' id='word_1_168' title='bbox 1465 452 1676 490; x_wconf 84' lang='lat' dir='ltr'>deponentes,</span> <span class='ocrx_word' id='word_1_169' title='bbox 1687 465 1750 485; x_wconf 84' lang='lat' dir='ltr'>non</span> <span class='ocrx_word' id='word_1_170' title='bbox 1761 453 1856 484; x_wconf 72' lang='lat' dir='ltr'>essent</span> <span class='ocrx_word' id='word_1_171' title='bbox 1867 453 2010 483; x_wconf 75' lang='lat' dir='ltr'>audiendi</span> <span class='ocrx_word' id='word_1_172' title='bbox 2024 462 2032 487; x_wconf 93' lang='lat'>·,</span> <span class='ocrx_word' id='word_1_173' title='bbox 2052 452 2085 483; x_wconf 70' lang='grc' dir='ltr'>ὅ(</span> <span class='ocrx_word' id='word_1_174' title='bbox 2100 449 2140 481; x_wconf 85' lang='lat' dir='ltr'>sie</span> 
     </span>
     <span class='ocr_line' id='line_1_23' title="bbox 1145 489 2138 534; baseline -0.001 -11"><span class='ocrx_word' id='word_1_175' title='bbox 1145 492 1304 526; x_wconf 83' lang='lat' dir='ltr'>rationes,</span> <span class='ocrx_word' id='word_1_176' title='bbox 1324 501 1399 531; x_wconf 81' lang='lat' dir='ltr'>quas</span> <span class='ocrx_word' id='word_1_177' title='bbox 1411 489 1460 523; x_wconf 83' lang='lat' dir='ltr'>liic</span> <span class='ocrx_word' id='word_1_178' title='bbox 1471 495 1719 534; x_wconf 74' lang='lat' dir='ltr'>ponderatJoan.</span> <span class='ocrx_word' id='word_1_179' title='bbox 1730 496 1828 527; x_wconf 83' lang='lat' dir='ltr'>Andr.</span> <span class='ocrx_word' id='word_1_180' title='bbox 1847 503 1927 524; x_wconf 85' lang='lat' dir='ltr'>num.</span> <span class='ocrx_word' id='word_1_181' title='bbox 1942 501 1969 531; x_wconf 81' lang='lat'>5.</span> <span class='ocrx_word' id='word_1_182' title='bbox 1981 492 2099 532; x_wconf 79' lang='lat' dir='ltr'>ingloff.</span> <span class='ocrx_word' id='word_1_183' title='bbox 2111 501 2138 522; x_wconf 80' lang='lat'>2.</span> 
     </span>
     <span class='ocr_line' id='line_1_24' title="bbox 1146 534 2139 573; baseline 0.002 -10"><span class='ocrx_word' id='word_1_184' title='bbox 1146 534 1490 573; x_wconf 79' lang='lat' dir='ltr'>vigenttantummodo</span> <span class='ocrx_word' id='word_1_185' title='bbox 1508 535 1539 565; x_wconf 88' lang='lat' dir='ltr'>in</span> <span class='ocrx_word' id='word_1_186' title='bbox 1551 534 1611 566; x_wconf 84' lang='lat' dir='ltr'>hoc</span> <span class='ocrx_word' id='word_1_187' title='bbox 1630 537 1763 567; x_wconf 82' lang='lat' dir='ltr'>secundo</span> <span class='ocrx_word' id='word_1_188' title='bbox 1781 537 1865 570; x_wconf 83' lang='lat' dir='ltr'>casu,</span> <span class='ocrx_word' id='word_1_189' title='bbox 1890 545 1953 565; x_wconf 88' lang='lat' dir='ltr'>non</span> <span class='ocrx_word' id='word_1_190' title='bbox 1979 543 2082 565; x_wconf 83' lang='lat' dir='ltr'>autem</span> <span class='ocrx_word' id='word_1_191' title='bbox 2105 535 2139 565; x_wconf 83' lang='lat' dir='ltr'>in</span> 
     </span>
     <span class='ocr_line' id='line_1_25' title="bbox 1148 573 2139 616; baseline 0 -11"><span class='ocrx_word' id='word_1_192' title='bbox 1148 576 1270 613; x_wconf 82' lang='lat' dir='ltr'>primo;</span> <span class='ocrx_word' id='word_1_193' title='bbox 1291 576 1373 606; x_wconf 88' lang='lat' dir='ltr'>unde</span> <span class='ocrx_word' id='word_1_194' title='bbox 1392 575 1453 613; x_wconf 80' lang='lat' dir='ltr'>ipsc</span> <span class='ocrx_word' id='word_1_195' title='bbox 1471 575 1708 608; x_wconf 86' lang='lat' dir='ltr'>consentitcum</span> <span class='ocrx_word' id='word_1_196' title='bbox 1727 580 1880 616; x_wconf 78' lang='lat' dir='ltr'>opinione</span> <span class='ocrx_word' id='word_1_197' title='bbox 1899 573 2139 608; x_wconf 72' lang='lat' dir='ltr'>Hosiicnslicet</span> 
     </span>
     <span class='ocr_line' id='line_1_26' title="bbox 1148 615 2140 657; baseline -0.001 -10"><span class='ocrx_word' id='word_1_198' title='bbox 1148 615 1231 649; x_wconf 85' lang='lat' dir='ltr'>Bntr.</span> <span class='ocrx_word' id='word_1_199' title='bbox 1243 625 1292 654; x_wconf 87' lang='lat' dir='ltr'>n.7</span> <span class='ocrx_word' id='word_1_200' title='bbox 1306 626 1377 648; x_wconf 88' lang='lat' dir='ltr'>eum</span> <span class='ocrx_word' id='word_1_201' title='bbox 1387 616 1475 648; x_wconf 79' lang='lat' dir='ltr'>aliter</span> <span class='ocrx_word' id='word_1_202' title='bbox 1485 617 1650 657; x_wconf 69' lang='lat' dir='ltr'>intelligat,</span> <span class='ocrx_word' id='word_1_203' title='bbox 1662 619 1769 650; x_wconf 87' lang='lat' dir='ltr'>&amp;non</span> <span class='ocrx_word' id='word_1_204' title='bbox 1781 618 1871 653; x_wconf 73' lang='lat' dir='ltr'>bene,</span> <span class='ocrx_word' id='word_1_205' title='bbox 1881 618 2049 650; x_wconf 77' lang='lat' dir='ltr'>secundnm</span> <span class='ocrx_word' id='word_1_206' title='bbox 2059 615 2140 648; x_wconf 83' lang='lat' dir='ltr'>Abb-</span> 
     </span>
     <span class='ocr_line' id='line_1_27' title="bbox 1149 656 2141 698; baseline -0.002 -9"><span class='ocrx_word' id='word_1_207' title='bbox 1149 658 1182 689; x_wconf 65' lang='grc' dir='ltr'>ὅ(</span> <span class='ocrx_word' id='word_1_208' title='bbox 1193 657 1242 698; x_wconf 84' lang='lat' dir='ltr'>Jo.</span> <span class='ocrx_word' id='word_1_209' title='bbox 1252 659 1290 689; x_wconf 91' lang='lat' dir='ltr'>de</span> <span class='ocrx_word' id='word_1_210' title='bbox 1301 656 1399 689; x_wconf 82' lang='lat' dir='ltr'>A&#39;nan.</span> <span class='ocrx_word' id='word_1_211' title='bbox 1411 659 1484 689; x_wconf 81' lang='lat' dir='ltr'>locis</span> <span class='ocrx_word' id='word_1_212' title='bbox 1498 660 1620 689; x_wconf 78' lang='lat' dir='ltr'>citatis.</span> <span class='ocrx_word' id='word_1_213' title='bbox 1644 658 1717 691; x_wconf 85' lang='lat' dir='ltr'>Hoc</span> <span class='ocrx_word' id='word_1_214' title='bbox 1727 669 1830 690; x_wconf 68' lang='lat' dir='ltr'>autem</span> <span class='ocrx_word' id='word_1_215' title='bbox 1843 659 1944 690; x_wconf 80' lang='lat' dir='ltr'>multo</span> <span class='ocrx_word' id='word_1_216' title='bbox 1965 662 2060 695; x_wconf 54' lang='lat' dir='ltr'>nauis</span> <span class='ocrx_word' id='word_1_217' title='bbox 2072 667 2141 693; x_wconf 74' lang='lat' dir='ltr'>pro-</span> 
     </span>
     <span class='ocr_line' id='line_1_28' title="bbox 1148 699 2138 742; baseline -0.002 -12"><span class='ocrx_word' id='word_1_218' title='bbox 1148 700 1273 731; x_wconf 85' lang='lat' dir='ltr'>ceditin</span> <span class='ocrx_word' id='word_1_219' title='bbox 1285 701 1430 731; x_wconf 79' lang='lat' dir='ltr'>terminis</span> <span class='ocrx_word' id='word_1_220' title='bbox 1441 701 1605 741; x_wconf 80' lang='lat' dir='ltr'>Extravag.</span> <span class='ocrx_word' id='word_1_221' title='bbox 1615 700 1688 742; x_wconf 86' lang='lat' dir='ltr'>Julii</span> <span class='ocrx_word' id='word_1_222' title='bbox 1698 701 1734 732; x_wconf 87' lang='lat'>11.</span> <span class='ocrx_word' id='word_1_223' title='bbox 1746 710 1813 740; x_wconf 83' lang='lat' dir='ltr'>quae</span> <span class='ocrx_word' id='word_1_224' title='bbox 1823 710 1887 730; x_wconf 91' lang='lat' dir='ltr'>non</span> <span class='ocrx_word' id='word_1_225' title='bbox 1900 703 1941 730; x_wconf 85' lang='lat' dir='ltr'>iri·</span> <span class='ocrx_word' id='word_1_226' title='bbox 1959 710 2000 730; x_wconf 75' lang='lat' dir='ltr'>rat</span> <span class='ocrx_word' id='word_1_227' title='bbox 2011 699 2138 731; x_wconf 64' lang='lat' dir='ltr'>electio-</span> 
     </span>
     <span class='ocr_line' id='line_1_29' title="bbox 1147 741 2143 778; baseline -0.001 -6"><span class='ocrx_word' id='word_1_228' title='bbox 1147 750 1220 772; x_wconf 81' lang='lat' dir='ltr'>nem</span> <span class='ocrx_word' id='word_1_229' title='bbox 1232 741 1413 775; x_wconf 75' lang='lat' dir='ltr'>simoniaci,</span> <span class='ocrx_word' id='word_1_230' title='bbox 1437 741 1485 773; x_wconf 84' lang='lat' dir='ltr'>sed</span> <span class='ocrx_word' id='word_1_231' title='bbox 1495 742 1685 774; x_wconf 62' lang='lat' dir='ltr'>electionem</span> <span class='ocrx_word' id='word_1_232' title='bbox 1696 741 1882 772; x_wconf 81' lang='lat' dir='ltr'>celebratam</span> <span class='ocrx_word' id='word_1_233' title='bbox 1892 752 1943 778; x_wconf 82' lang='lat' dir='ltr'>per</span> <span class='ocrx_word' id='word_1_234' title='bbox 1957 741 2120 772; x_wconf 72' lang='lat' dir='ltr'>simoniam</span> <span class='ocrx_word' id='word_1_235' title='bbox 2133 751 2143 776; x_wconf 88' lang='lat'>;</span> 
     </span>
    </p>
   </div>
   <div class='ocr_carea' id='block_1_7' title="bbox 1148 781 2139 823">
    <p class='ocr_par' dir='ltr' id='par_1_7' title="bbox 1148 781 2139 823">
     <span class='ocr_line' id='line_1_30' title="bbox 1148 781 2139 823; baseline -0.002 -9"><span class='ocrx_word' id='word_1_236' title='bbox 1148 791 1182 814; x_wconf 88' lang='lat' dir='ltr'>ut</span> <span class='ocrx_word' id='word_1_237' title='bbox 1193 784 1322 823; x_wconf 81' lang='lat' dir='ltr'>requirit</span> <span class='ocrx_word' id='word_1_238' title='bbox 1333 802 1341 816; x_wconf 90' lang='lat'>‚</span> <span class='ocrx_word' id='word_1_239' title='bbox 1352 792 1385 814; x_wconf 90' lang='lat' dir='ltr'>ut</span> <span class='ocrx_word' id='word_1_240' title='bbox 1395 783 1514 815; x_wconf 69' lang='lat' dir='ltr'>eiectus</span> <span class='ocrx_word' id='word_1_241' title='bbox 1525 793 1589 815; x_wconf 92' lang='lat' dir='ltr'>non</span> <span class='ocrx_word' id='word_1_242' title='bbox 1601 783 1723 817; x_wconf 75' lang='lat' dir='ltr'>tantuin</span> <span class='ocrx_word' id='word_1_243' title='bbox 1736 782 1770 813; x_wconf 87' lang='lat' dir='ltr'>sit</span> <span class='ocrx_word' id='word_1_244' title='bbox 1782 781 2032 815; x_wconf 75' lang='lat' dir='ltr'>simoniacus.sed</span> <span class='ocrx_word' id='word_1_245' title='bbox 2044 783 2139 812; x_wconf 79' lang='lat' dir='ltr'>etiam</span> 
     </span>
    </p>
   </div>
   <div class='ocr_carea' id='block_1_8' title="bbox 157 781 2098 866">
    <p class='ocr_par' dir='ltr' id='par_1_8' title="bbox 157 781 2098 866">
     <span class='ocr_line' id='line_1_31' title="bbox 157 781 1109 825; baseline 0.001 -13"><span class='ocrx_word' id='word_1_246' title='bbox 157 781 191 813; x_wconf 91' lang='lat' dir='ltr'>In</span> <span class='ocrx_word' id='word_1_247' title='bbox 214 785 348 814; x_wconf 84' lang='lat' dir='ltr'>secundo</span> <span class='ocrx_word' id='word_1_248' title='bbox 372 794 476 814; x_wconf 83' lang='lat' dir='ltr'>autem</span> <span class='ocrx_word' id='word_1_249' title='bbox 487 785 555 816; x_wconf 66' lang='lat' dir='ltr'>casu</span> <span class='ocrx_word' id='word_1_250' title='bbox 565 806 574 820; x_wconf 88' lang='lat'>‚</span> <span class='ocrx_word' id='word_1_251' title='bbox 597 795 669 816; x_wconf 90' lang='lat' dir='ltr'>cum</span> <span class='ocrx_word' id='word_1_252' title='bbox 681 784 918 825; x_wconf 82' lang='lat' dir='ltr'>pecuniafuerit</span> <span class='ocrx_word' id='word_1_253' title='bbox 929 785 1041 816; x_wconf 76' lang='lat' dir='ltr'>tradita</span> <span class='ocrx_word' id='word_1_254' title='bbox 1050 783 1109 814; x_wconf 77' lang='lat' dir='ltr'>ele-</span> 
     </span>
     <span class='ocr_line' id='line_1_32' title="bbox 1148 821 2098 866; baseline -0.004 -11"><span class='ocrx_word' id='word_1_255' title='bbox 1148 832 1182 855; x_wconf 88' lang='lat' dir='ltr'>ut</span> <span class='ocrx_word' id='word_1_256' title='bbox 1191 823 1363 856; x_wconf 70' lang='lat' dir='ltr'>simoniace</span> <span class='ocrx_word' id='word_1_257' title='bbox 1373 824 1490 857; x_wconf 66' lang='lat' dir='ltr'>eiectus</span> <span class='ocrx_word' id='word_1_258' title='bbox 1500 824 1608 857; x_wconf 87' lang='lat' dir='ltr'>fuerit.</span> <span class='ocrx_word' id='word_1_259' title='bbox 1632 834 1665 858; x_wconf 86' lang='lat' dir='ltr'>nt</span> <span class='ocrx_word' id='word_1_260' title='bbox 1676 833 1760 866; x_wconf 84' lang='lat' dir='ltr'>patet</span> <span class='ocrx_word' id='word_1_261' title='bbox 1770 833 1806 856; x_wconf 83' lang='lat' dir='ltr'>ex</span> <span class='ocrx_word' id='word_1_262' title='bbox 1820 822 1909 855; x_wconf 69' lang='lat' dir='ltr'>dic‘tis</span> <span class='ocrx_word' id='word_1_263' title='bbox 1920 821 2005 854; x_wconf 72' lang='lat' dir='ltr'>saura</span> <span class='ocrx_word' id='word_1_264' title='bbox 2016 832 2098 862; x_wconf 83' lang='lat' dir='ltr'>n.27.</span> 
     </span>
    </p>
   </div>
   <div class='ocr_carea' id='block_1_9' title="bbox 114 822 1108 867">
    <p class='ocr_par' dir='ltr' id='par_1_9' title="bbox 114 822 1108 867">
     <span class='ocr_line' id='line_1_33' title="bbox 114 822 1108 867; baseline 0.001 -12"><span class='ocrx_word' id='word_1_265' title='bbox 114 822 274 860; x_wconf 56' lang='lat' dir='ltr'>nitoribus,</span> <span class='ocrx_word' id='word_1_266' title='bbox 295 825 710 863; x_wconf 68' lang='lat' dir='ltr'>electiononfueritlibera,</span> <span class='ocrx_word' id='word_1_267' title='bbox 733 825 1020 867; x_wconf 65' lang='lat' dir='ltr'>&amp;forteelestores</span> <span class='ocrx_word' id='word_1_268' title='bbox 1042 834 1108 856; x_wconf 87' lang='lat' dir='ltr'>tnu-</span> 
     </span>
    </p>
   </div>
   <div class='ocr_carea' id='block_1_10' title="bbox 599 978 1650 1041">
    <p class='ocr_par' dir='ltr' id='par_1_10' title="bbox 599 978 1650 1041">
     <span class='ocr_line' id='line_1_34' title="bbox 599 978 1650 1041; baseline -0.003 -3"><span class='ocrx_word' id='word_1_269' title='bbox 599 984 752 1039; x_wconf 88' lang='lat' dir='ltr'>DE</span> <span class='ocrx_word' id='word_1_270' title='bbox 885 978 1650 1041; x_wconf 89' lang='lat' dir='ltr'>SIMONIA.</span> 
     </span>
    </p>
   </div>
   <div class='ocr_carea' id='block_1_11' title="bbox 359 1095 1904 1220">
    <p class='ocr_par' dir='ltr' id='par_1_11' title="bbox 359 1095 1904 1220">
     <span class='ocr_line' id='line_1_35' title="bbox 359 1095 1904 1162; baseline -0.003 -13"><span class='ocrx_word' id='word_1_271' title='bbox 359 1101 619 1152; x_wconf 79' lang='lat' dir='ltr'>Innocentius</span> <span class='ocrx_word' id='word_1_272' title='bbox 653 1099 732 1153; x_wconf 89' lang='lat' dir='ltr'><em>III.</em></span> <span class='ocrx_word' id='word_1_273' title='bbox 755 1099 904 1151; x_wconf 79' lang='lat' dir='ltr'>Priori</span> <span class='ocrx_word' id='word_1_274' title='bbox 933 1098 982 1148; x_wconf 83' lang='lat' dir='ltr'>S.</span> <span class='ocrx_word' id='word_1_275' title='bbox 1009 1099 1229 1158; x_wconf 69' lang='lat' dir='ltr'>Vifioris‚</span> <span class='ocrx_word' id='word_1_276' title='bbox 1261 1095 1484 1162; x_wconf 74' lang='lat' dir='ltr'>Magistris</span> <span class='ocrx_word' id='word_1_277' title='bbox 1506 1098 1539 1148; x_wconf 87' lang='lat' dir='ltr'>l.</span> <span class='ocrx_word' id='word_1_278' title='bbox 1566 1097 1730 1150; x_wconf 88' lang='lat' dir='ltr'>Bonon·</span> <span class='ocrx_word' id='word_1_279' title='bbox 1764 1102 1820 1154; x_wconf 73' lang='lat'>(5’</span> <span class='ocrx_word' id='word_1_280' title='bbox 1850 1095 1904 1147; x_wconf 93' lang='lat' dir='ltr'>L.</span> 
     </span>
     <span class='ocr_line' id='line_1_36' title="bbox 886 1167 1382 1220; baseline -0.01 0"><span class='ocrx_word' id='word_1_281' title='bbox 886 1170 1099 1220; x_wconf 70' lang='lat' dir='ltr'>Modicene</span> <span class='ocrx_word' id='word_1_282' title='bbox 1136 1167 1359 1219; x_wconf 85' lang='lat' dir='ltr'>Canonicis</span> <span class='ocrx_word' id='word_1_283' title='bbox 1372 1206 1382 1216; x_wconf 93' lang='lat'><strong>.</strong></span> 
     </span>
    </p>
   </div>
   <div class='ocr_carea' id='block_1_12' title="bbox 707 1276 1570 1338">
    <p class='ocr_par' dir='ltr' id='par_1_12' title="bbox 707 1276 1570 1338">
     <span class='ocr_line' id='line_1_37' title="bbox 707 1276 1570 1338; baseline -0.007 0"><span class='ocrx_word' id='word_1_284' title='bbox 707 1276 1208 1338; x_wconf 90' lang='lat' dir='ltr'>CAPUT</span> <span class='ocrx_word' id='word_1_285' title='bbox 1336 1278 1570 1334; x_wconf 78' lang='lat' dir='ltr'><strong>XXXI.</strong></span> 
     </span>
    </p>
   </div>
   <div class='ocr_carea' id='block_1_13' title="bbox 111 1389 2155 3430">
    <p class='ocr_par' dir='ltr' id='par_1_13' title="bbox 199 1389 2147 1458">
     <span class='ocr_line' id='line_1_38' title="bbox 199 1389 2147 1458; baseline 0.001 -24"><span class='ocrx_word' id='word_1_286' title='bbox 199 1394 277 1435; x_wconf 73' lang='lat' dir='ltr'>Icet</span> <span class='ocrx_word' id='word_1_287' title='bbox 289 1395 381 1458; x_wconf 58' lang='lat' dir='ltr'>Hlffi</span> <span class='ocrx_word' id='word_1_288' title='bbox 392 1394 557 1436; x_wconf 83' lang='lat' dir='ltr'>filmmus</span> <span class='ocrx_word' id='word_1_289' title='bbox 568 1393 736 1435; x_wconf 83' lang='lat' dir='ltr'>sacerdos</span> <span class='ocrx_word' id='word_1_290' title='bbox 751 1397 786 1433; x_wconf 91' lang='lat' dir='ltr'>in</span> <span class='ocrx_word' id='word_1_291' title='bbox 798 1392 832 1433; x_wconf 90' lang='lat' dir='ltr'>se</span> <span class='ocrx_word' id='word_1_292' title='bbox 843 1393 965 1433; x_wconf 85' lang='lat' dir='ltr'>bonus</span> <span class='ocrx_word' id='word_1_293' title='bbox 983 1391 1182 1435; x_wconf 69' lang='lat' dir='ltr'>existeret,</span> <span class='ocrx_word' id='word_1_294' title='bbox 1236 1392 1301 1446; x_wconf 75' lang='lat' dir='ltr'>iiia</span> <span class='ocrx_word' id='word_1_295' title='bbox 1311 1403 1439 1430; x_wconf 85' lang='lat' dir='ltr'>tamen</span> <span class='ocrx_word' id='word_1_296' title='bbox 1467 1389 1505 1431; x_wconf 84' lang='lat' dir='ltr'>fii</span> <span class='ocrx_word' id='word_1_297' title='bbox 1515 1405 1633 1431; x_wconf 85' lang='lat' dir='ltr'>iorum</span> <span class='ocrx_word' id='word_1_298' title='bbox 1657 1393 1818 1433; x_wconf 75' lang='lat' dir='ltr'>excessus</span> <span class='ocrx_word' id='word_1_299' title='bbox 1841 1392 2046 1435; x_wconf 84' lang='lat' dir='ltr'>efficaciter</span> <span class='ocrx_word' id='word_1_300' title='bbox 2072 1409 2147 1435; x_wconf 89' lang='lat' dir='ltr'>non</span> 
     </span>
    </p>

    <p class='ocr_par' dir='ltr' id='par_1_14' title="bbox 111 1439 2155 3430">
     <span class='ocr_line' id='line_1_39' title="bbox 212 1439 2149 1494; baseline -0.001 -10"><span class='ocrx_word' id='word_1_301' title='bbox 212 1447 395 1491; x_wconf 89' lang='lat' dir='ltr'>corripuit</span> <span class='ocrx_word' id='word_1_302' title='bbox 405 1470 419 1490; x_wconf 91' lang='grc'>3</span> <span class='ocrx_word' id='word_1_303' title='bbox 447 1445 485 1484; x_wconf 87' lang='lat'>&amp;</span> <span class='ocrx_word' id='word_1_304' title='bbox 508 1448 546 1484; x_wconf 87' lang='lat' dir='ltr'>in</span> <span class='ocrx_word' id='word_1_305' title='bbox 567 1442 601 1484; x_wconf 89' lang='lat' dir='ltr'>se</span> <span class='ocrx_word' id='word_1_306' title='bbox 619 1446 759 1491; x_wconf 88' lang='lat' dir='ltr'>pariter</span> <span class='ocrx_word' id='word_1_307' title='bbox 778 1444 818 1481; x_wconf 63' lang='grc' dir='ltr'>δέ</span> <span class='ocrx_word' id='word_1_308' title='bbox 831 1445 868 1481; x_wconf 89' lang='lat' dir='ltr'>in</span> <span class='ocrx_word' id='word_1_309' title='bbox 883 1441 963 1491; x_wconf 89' lang='lat' dir='ltr'>ipsis</span> <span class='ocrx_word' id='word_1_310' title='bbox 988 1440 1208 1482; x_wconf 77' lang='lat' dir='ltr'>animadver</span> <span class='ocrx_word' id='word_1_311' title='bbox 1224 1452 1320 1494; x_wconf 29' lang='lat' dir='ltr'>lon-is</span> <span class='ocrx_word' id='word_1_312' title='bbox 1337 1439 1491 1480; x_wconf 83' lang='lat' dir='ltr'>Divinae</span> <span class='ocrx_word' id='word_1_313' title='bbox 1511 1441 1721 1482; x_wconf 64' lang='lat' dir='ltr'>vindictam</span> <span class='ocrx_word' id='word_1_314' title='bbox 1741 1456 1889 1490; x_wconf 86' lang='lat' dir='ltr'>excepit</span> <span class='ocrx_word' id='word_1_315' title='bbox 1915 1460 1924 1479; x_wconf 91' lang='lat'><em>:</em></span> <span class='ocrx_word' id='word_1_316' title='bbox 1950 1443 2038 1483; x_wconf 91' lang='lat' dir='ltr'>dum</span> <span class='ocrx_word' id='word_1_317' title='bbox 2061 1441 2149 1483; x_wconf 83' lang='lat' dir='ltr'>siliis</span> 
     </span>
     <span class='ocr_line' id='line_1_40' title="bbox 114 1487 2148 1541; baseline 0.001 -11"><span class='ocrx_word' id='word_1_318' title='bbox 114 1494 192 1537; x_wconf 82' lang='lat' dir='ltr'>eius</span> <span class='ocrx_word' id='word_1_319' title='bbox 216 1497 255 1532; x_wconf 88' lang='lat' dir='ltr'>in</span> <span class='ocrx_word' id='word_1_320' title='bbox 275 1492 603 1541; x_wconf 55' lang='lat' dir='ltr'>belloperemptis„</span> <span class='ocrx_word' id='word_1_321' title='bbox 620 1489 692 1539; x_wconf 90' lang='lat' dir='ltr'>ipse</span> <span class='ocrx_word' id='word_1_322' title='bbox 701 1491 745 1530; x_wconf 92' lang='lat' dir='ltr'>de</span> <span class='ocrx_word' id='word_1_323' title='bbox 755 1490 844 1531; x_wconf 87' lang='lat' dir='ltr'>sella</span> <span class='ocrx_word' id='word_1_324' title='bbox 856 1503 1033 1531; x_wconf 88' lang='lat' dir='ltr'>corruens</span> <span class='ocrx_word' id='word_1_325' title='bbox 1048 1487 1179 1528; x_wconf 65' lang='lat' dir='ltr'>fractis</span> <span class='ocrx_word' id='word_1_326' title='bbox 1192 1487 1397 1528; x_wconf 85' lang='lat' dir='ltr'>cervicibus</span> <span class='ocrx_word' id='word_1_327' title='bbox 1411 1489 1676 1536; x_wconf 86' lang='lat' dir='ltr'>expiravit.Ad</span> <span class='ocrx_word' id='word_1_328' title='bbox 1687 1495 1786 1530; x_wconf 85' lang='lat' dir='ltr'>corti</span> <span class='ocrx_word' id='word_1_329' title='bbox 1815 1492 1928 1531; x_wconf 85' lang='lat' dir='ltr'>endos</span> <span class='ocrx_word' id='word_1_330' title='bbox 1944 1505 2057 1539; x_wconf 87' lang='lat' dir='ltr'>igitur</span> <span class='ocrx_word' id='word_1_331' title='bbox 2070 1493 2148 1532; x_wconf 86' lang='lat' dir='ltr'>siib-</span> 
     </span>
     <span class='ocr_line' id='line_1_41' title="bbox 115 1504 2149 1593; baseline 0.001 -14"><span class='ocrx_word' id='word_1_332' title='bbox 115 1539 283 1580; x_wconf 84' lang='lat' dir='ltr'>dirorum</span> <span class='ocrx_word' id='word_1_333' title='bbox 301 1540 485 1585; x_wconf 67' lang='lat' dir='ltr'>excessus,</span> <span class='ocrx_word' id='word_1_334' title='bbox 514 1541 625 1581; x_wconf 77' lang='lat' dir='ltr'>tanto</span> <span class='ocrx_word' id='word_1_335' title='bbox 645 1540 864 1589; x_wconf 68' lang='lat' dir='ltr'>diligentins</span> <span class='ocrx_word' id='word_1_336' title='bbox 885 1537 995 1578; x_wconf 88' lang='lat' dir='ltr'>debet</span> <span class='ocrx_word' id='word_1_337' title='bbox 1009 1537 1187 1577; x_wconf 84' lang='lat' dir='ltr'>Praelatus</span> <span class='ocrx_word' id='word_1_338' title='bbox 1210 1536 1419 1585; x_wconf 67' lang='lat' dir='ltr'>assurgere,</span> <span class='ocrx_word' id='word_1_339' title='bbox 1443 1538 1589 1587; x_wconf 75' lang='lat' dir='ltr'>quanto</span> <span class='ocrx_word' id='word_1_340' title='bbox 1614 1504 1867 1593; x_wconf 46' lang='lat' dir='ltr'>damnabiiius</span> <span class='ocrx_word' id='word_1_341' title='bbox 1878 1555 2009 1581; x_wconf 90' lang='lat' dir='ltr'>eorum</span> <span class='ocrx_word' id='word_1_342' title='bbox 2031 1539 2149 1582; x_wconf 83' lang='lat' dir='ltr'>offen-</span> 
     </span>
     <span class='ocr_line' id='line_1_42' title="bbox 111 1585 2152 1640; baseline 0.001 -12"><span class='ocrx_word' id='word_1_343' title='bbox 111 1587 167 1628; x_wconf 89' lang='lat' dir='ltr'>sas</span> <span class='ocrx_word' id='word_1_344' title='bbox 179 1588 359 1629; x_wconf 90' lang='lat' dir='ltr'>desereret</span> <span class='ocrx_word' id='word_1_345' title='bbox 369 1593 617 1632; x_wconf 70' lang='lat' dir='ltr'>incorrec‘jtas.</span> <span class='ocrx_word' id='word_1_346' title='bbox 638 1591 790 1630; x_wconf 87' lang='lat' dir='ltr'>Contra</span> <span class='ocrx_word' id='word_1_347' title='bbox 801 1590 921 1638; x_wconf 83' lang='lat' dir='ltr'>quos(</span> <span class='ocrx_word' id='word_1_348' title='bbox 940 1600 980 1626; x_wconf 91' lang='lat' dir='ltr'>ut</span> <span class='ocrx_word' id='word_1_349' title='bbox 993 1586 1038 1626; x_wconf 91' lang='lat' dir='ltr'>de</span> <span class='ocrx_word' id='word_1_350' title='bbox 1052 1599 1210 1640; x_wconf 84' lang='lat' dir='ltr'>notoriis</span> <span class='ocrx_word' id='word_1_351' title='bbox 1219 1585 1418 1626; x_wconf 70' lang='lat' dir='ltr'>excessibus</span> <span class='ocrx_word' id='word_1_352' title='bbox 1439 1588 1639 1632; x_wconf 82' lang='lat' dir='ltr'>taceatur)</span> <span class='ocrx_word' id='word_1_353' title='bbox 1659 1589 1698 1627; x_wconf 89' lang='lat'>&amp;</span> <span class='ocrx_word' id='word_1_354' title='bbox 1713 1593 1736 1627; x_wconf 90' lang='lat' dir='ltr'>sl</span> <span class='ocrx_word' id='word_1_355' title='bbox 1752 1589 1871 1629; x_wconf 87' lang='lat' dir='ltr'>tribus</span> <span class='ocrx_word' id='word_1_356' title='bbox 1886 1590 2008 1629; x_wconf 85' lang='lat' dir='ltr'>modis</span> <span class='ocrx_word' id='word_1_357' title='bbox 2022 1605 2152 1638; x_wconf 77' lang='lat' dir='ltr'>proce-</span> 
     </span>
     <span class='ocr_line' id='line_1_43' title="bbox 113 1635 2150 1690; baseline 0 -13"><span class='ocrx_word' id='word_1_358' title='bbox 113 1638 152 1677; x_wconf 92' lang='lat' dir='ltr'>di</span> <span class='ocrx_word' id='word_1_359' title='bbox 172 1637 277 1686; x_wconf 77' lang='lat' dir='ltr'>possit</span> <span class='ocrx_word' id='word_1_360' title='bbox 290 1663 304 1685; x_wconf 95' lang='grc'>3</span> <span class='ocrx_word' id='word_1_361' title='bbox 331 1653 396 1687; x_wconf 89' lang='lat' dir='ltr'>per</span> <span class='ocrx_word' id='word_1_362' title='bbox 414 1638 692 1680; x_wconf 81' lang='lat' dir='ltr'>accusationem</span> <span class='ocrx_word' id='word_1_363' title='bbox 707 1637 888 1677; x_wconf 76' lang='lat' dir='ltr'>videlicet</span> <span class='ocrx_word' id='word_1_364' title='bbox 901 1661 914 1683; x_wconf 90' lang='grc'>3</span> <span class='ocrx_word' id='word_1_365' title='bbox 941 1636 1267 1687; x_wconf 71' lang='lat' dir='ltr'>denuntiationem</span> <span class='ocrx_word' id='word_1_366' title='bbox 1282 1659 1296 1680; x_wconf 96' lang='grc'>3</span> <span class='ocrx_word' id='word_1_367' title='bbox 1322 1635 1652 1690; x_wconf 89' lang='lat' dir='ltr'>&amp;inquisitionem</span> <span class='ocrx_word' id='word_1_368' title='bbox 1675 1635 1837 1684; x_wconf 90' lang='lat' dir='ltr'>ipsorum</span> <span class='ocrx_word' id='word_1_369' title='bbox 1853 1656 1866 1685; x_wconf 77' lang='lat'>5</span> <span class='ocrx_word' id='word_1_370' title='bbox 1893 1653 1933 1678; x_wconf 91' lang='lat' dir='ltr'>ut</span> <span class='ocrx_word' id='word_1_371' title='bbox 1960 1652 1995 1678; x_wconf 74' lang='lat' dir='ltr'>ta</span> <span class='ocrx_word' id='word_1_372' title='bbox 2003 1653 2088 1678; x_wconf 89' lang='lat' dir='ltr'>men</span> <span class='ocrx_word' id='word_1_373' title='bbox 2112 1654 2150 1678; x_wconf 90' lang='lat' dir='ltr'>in</span> 
     </span>
     <span class='ocr_line' id='line_1_44' title="bbox 115 1682 2155 1736; baseline 0.001 -10"><span class='ocrx_word' id='word_1_374' title='bbox 115 1688 297 1727; x_wconf 88' lang='lat' dir='ltr'>omnibus</span> <span class='ocrx_word' id='word_1_375' title='bbox 307 1688 466 1736; x_wconf 84' lang='lat' dir='ltr'>diligens</span> <span class='ocrx_word' id='word_1_376' title='bbox 479 1689 706 1728; x_wconf 84' lang='lat' dir='ltr'>adhibeatur</span> <span class='ocrx_word' id='word_1_377' title='bbox 715 1685 865 1726; x_wconf 86' lang='lat' dir='ltr'>cautela</span> <span class='ocrx_word' id='word_1_378' title='bbox 880 1710 892 1731; x_wconf 83' lang='grc'>3</span> <span class='ocrx_word' id='word_1_379' title='bbox 919 1682 1009 1723; x_wconf 89' lang='lat' dir='ltr'>sicut</span> <span class='ocrx_word' id='word_1_380' title='bbox 1037 1685 1319 1723; x_wconf 73' lang='lat' dir='ltr'>accusationem</span> <span class='ocrx_word' id='word_1_381' title='bbox 1330 1684 1503 1732; x_wconf 85' lang='lat' dir='ltr'>legitima</span> <span class='ocrx_word' id='word_1_382' title='bbox 1513 1686 1718 1732; x_wconf 88' lang='lat' dir='ltr'>praecedere</span> <span class='ocrx_word' id='word_1_383' title='bbox 1731 1686 1840 1727; x_wconf 88' lang='lat' dir='ltr'>debet</span> <span class='ocrx_word' id='word_1_384' title='bbox 1856 1685 2050 1735; x_wconf 79' lang='lat' dir='ltr'>inscriptio</span> <span class='ocrx_word' id='word_1_385' title='bbox 2061 1713 2074 1728; x_wconf 73' lang='grc'>3</span> <span class='ocrx_word' id='word_1_386' title='bbox 2104 1686 2155 1728; x_wconf 83' lang='lat' dir='ltr'>sic&#39;</span> 
     </span>
     <span class='ocr_line' id='line_1_45' title="bbox 115 1731 2150 1782; baseline 0 -8"><span class='ocrx_word' id='word_1_387' title='bbox 115 1737 157 1774; x_wconf 70' lang='grc' dir='ltr'>δε</span> <span class='ocrx_word' id='word_1_388' title='bbox 169 1735 496 1777; x_wconf 78' lang='lat' dir='ltr'>denuntiationem</span> <span class='ocrx_word' id='word_1_389' title='bbox 509 1739 737 1777; x_wconf 78' lang='lat' dir='ltr'>charitativa</span> <span class='ocrx_word' id='word_1_390' title='bbox 747 1736 939 1775; x_wconf 65' lang='lat' dir='ltr'>correctio</span> <span class='ocrx_word' id='word_1_391' title='bbox 953 1758 966 1779; x_wconf 95' lang='grc'>3</span> <span class='ocrx_word' id='word_1_392' title='bbox 977 1731 1308 1781; x_wconf 87' lang='lat' dir='ltr'>&amp;inquisitionem</span> <span class='ocrx_word' id='word_1_393' title='bbox 1319 1732 1485 1773; x_wconf 87' lang='lat' dir='ltr'>clamosa</span> <span class='ocrx_word' id='word_1_394' title='bbox 1499 1733 1608 1773; x_wconf 87' lang='lat' dir='ltr'>debet</span> <span class='ocrx_word' id='word_1_395' title='bbox 1627 1733 1827 1775; x_wconf 79' lang='lat' dir='ltr'>insinuatio</span> <span class='ocrx_word' id='word_1_396' title='bbox 1837 1749 2038 1782; x_wconf 81' lang='lat' dir='ltr'>praevenire</span> <span class='ocrx_word' id='word_1_397' title='bbox 2049 1767 2058 1776; x_wconf 92' lang='lat'><strong><em>.</em></strong></span> <span class='ocrx_word' id='word_1_398' title='bbox 2073 1736 2150 1775; x_wconf 90' lang='lat' dir='ltr'>De-</span> 
     </span>
     <span class='ocr_line' id='line_1_46' title="bbox 115 1781 2148 1833; baseline 0 -10"><span class='ocrx_word' id='word_1_399' title='bbox 115 1784 288 1832; x_wconf 82' lang='lat' dir='ltr'>scendam</span> <span class='ocrx_word' id='word_1_400' title='bbox 313 1788 328 1831; x_wconf 93' lang='lat'><em>(</em></span> <span class='ocrx_word' id='word_1_401' title='bbox 346 1789 465 1833; x_wconf 86' lang='lat' dir='ltr'>inquit</span> <span class='ocrx_word' id='word_1_402' title='bbox 482 1785 701 1828; x_wconf 83' lang='lat' dir='ltr'>Dominus)</span> <span class='ocrx_word' id='word_1_403' title='bbox 723 1785 762 1823; x_wconf 86' lang='lat'>&amp;</span> <span class='ocrx_word' id='word_1_404' title='bbox 780 1783 915 1822; x_wconf 90' lang='lat' dir='ltr'>videbo</span> <span class='ocrx_word' id='word_1_405' title='bbox 930 1806 944 1828; x_wconf 89' lang='grc'>3</span> <span class='ocrx_word' id='word_1_406' title='bbox 966 1781 1092 1825; x_wconf 81' lang='lat' dir='ltr'>utrum</span> <span class='ocrx_word' id='word_1_407' title='bbox 1105 1781 1314 1820; x_wconf 87' lang='lat' dir='ltr'>clamorem</span> <span class='ocrx_word' id='word_1_408' title='bbox 1327 1806 1341 1827; x_wconf 92' lang='grc'>3</span> <span class='ocrx_word' id='word_1_409' title='bbox 1363 1795 1426 1831; x_wconf 86' lang='lat' dir='ltr'>qui</span> <span class='ocrx_word' id='word_1_410' title='bbox 1438 1795 1537 1826; x_wconf 87' lang='lat' dir='ltr'>venit</span> <span class='ocrx_word' id='word_1_411' title='bbox 1549 1782 1595 1821; x_wconf 87' lang='lat' dir='ltr'>ad</span> <span class='ocrx_word' id='word_1_412' title='bbox 1606 1796 1689 1826; x_wconf 64' lang='lat' dir='ltr'>ine,</span> <span class='ocrx_word' id='word_1_413' title='bbox 1708 1797 1821 1830; x_wconf 89' lang='lat' dir='ltr'>opere</span> <span class='ocrx_word' id='word_1_414' title='bbox 1843 1785 2119 1832; x_wconf 74' lang='lat' dir='ltr'>compleverint</span> <span class='ocrx_word' id='word_1_415' title='bbox 2135 1810 2148 1830; x_wconf 80' lang='grc'>3</span> 
     </span>
     <span class='ocr_line' id='line_1_47' title="bbox 116 1828 2150 1880; baseline 0 -8"><span class='ocrx_word' id='word_1_416' title='bbox 116 1833 226 1872; x_wconf 90' lang='lat' dir='ltr'>Tunc</span> <span class='ocrx_word' id='word_1_417' title='bbox 239 1847 340 1872; x_wconf 91' lang='lat' dir='ltr'>enim</span> <span class='ocrx_word' id='word_1_418' title='bbox 353 1835 498 1873; x_wconf 80' lang='lat' dir='ltr'>clamor</span> <span class='ocrx_word' id='word_1_419' title='bbox 510 1846 677 1880; x_wconf 89' lang='lat' dir='ltr'>pervenit</span> <span class='ocrx_word' id='word_1_420' title='bbox 688 1833 734 1872; x_wconf 90' lang='lat' dir='ltr'>ad</span> <span class='ocrx_word' id='word_1_421' title='bbox 747 1830 949 1871; x_wconf 85' lang='lat' dir='ltr'>Ptaelatum</span> <span class='ocrx_word' id='word_1_422' title='bbox 963 1855 977 1876; x_wconf 92' lang='grc'>3</span> <span class='ocrx_word' id='word_1_423' title='bbox 1004 1842 1090 1868; x_wconf 90' lang='lat' dir='ltr'>cuin</span> <span class='ocrx_word' id='word_1_424' title='bbox 1103 1842 1168 1876; x_wconf 92' lang='lat' dir='ltr'>per</span> <span class='ocrx_word' id='word_1_425' title='bbox 1180 1828 1372 1876; x_wconf 85' lang='lat' dir='ltr'>publicam</span> <span class='ocrx_word' id='word_1_426' title='bbox 1385 1830 1528 1871; x_wconf 83' lang='lat' dir='ltr'>famam</span> <span class='ocrx_word' id='word_1_427' title='bbox 1540 1855 1553 1873; x_wconf 86' lang='grc'>3</span> <span class='ocrx_word' id='word_1_428' title='bbox 1580 1844 1646 1870; x_wconf 88' lang='lat' dir='ltr'>aut</span> <span class='ocrx_word' id='word_1_429' title='bbox 1675 1831 1962 1872; x_wconf 76' lang='lat' dir='ltr'>insinuationem</span> <span class='ocrx_word' id='word_1_430' title='bbox 1978 1832 2150 1880; x_wconf 87' lang='lat' dir='ltr'>frequen·</span> 
     </span>
     <span class='ocr_line' id='line_1_48' title="bbox 114 1876 2150 1927; baseline 0 -6"><span class='ocrx_word' id='word_1_431' title='bbox 114 1894 194 1921; x_wconf 89' lang='lat' dir='ltr'>tem</span> <span class='ocrx_word' id='word_1_432' title='bbox 205 1906 219 1926; x_wconf 94' lang='grc'>3</span> <span class='ocrx_word' id='word_1_433' title='bbox 245 1877 478 1921; x_wconf 85' lang='lat' dir='ltr'>subditorum</span> <span class='ocrx_word' id='word_1_434' title='bbox 494 1881 559 1921; x_wconf 86' lang='lat' dir='ltr'>sibi</span> <span class='ocrx_word' id='word_1_435' title='bbox 573 1878 786 1921; x_wconf 87' lang='lat' dir='ltr'>referuntur</span> <span class='ocrx_word' id='word_1_436' title='bbox 795 1879 956 1918; x_wconf 77' lang='lat' dir='ltr'>excelsus</span> <span class='ocrx_word' id='word_1_437' title='bbox 967 1878 1128 1925; x_wconf 74' lang='lat' dir='ltr'>3&amp;tunc</span> <span class='ocrx_word' id='word_1_438' title='bbox 1141 1878 1251 1917; x_wconf 87' lang='lat' dir='ltr'>debet</span> <span class='ocrx_word' id='word_1_439' title='bbox 1260 1876 1478 1918; x_wconf 87' lang='lat' dir='ltr'>descendere</span> <span class='ocrx_word' id='word_1_440' title='bbox 1491 1904 1504 1923; x_wconf 88' lang='lat'>·‚</span> <span class='ocrx_word' id='word_1_441' title='bbox 1533 1879 1572 1918; x_wconf 88' lang='lat'>&amp;</span> <span class='ocrx_word' id='word_1_442' title='bbox 1585 1880 1711 1919; x_wconf 89' lang='lat' dir='ltr'>videre</span> <span class='ocrx_word' id='word_1_443' title='bbox 1721 1906 1735 1925; x_wconf 93' lang='grc'>3</span> <span class='ocrx_word' id='word_1_444' title='bbox 1753 1880 1840 1920; x_wconf 84' lang='lat' dir='ltr'>idest</span> <span class='ocrx_word' id='word_1_445' title='bbox 1855 1897 1890 1920; x_wconf 91' lang='lat' dir='ltr'>m</span> <span class='ocrx_word' id='word_1_446' title='bbox 1900 1895 2024 1927; x_wconf 65' lang='lat' dir='ltr'>ittere‚</span> <span class='ocrx_word' id='word_1_447' title='bbox 2040 1884 2078 1920; x_wconf 64' lang='grc' dir='ltr'>δέ</span> <span class='ocrx_word' id='word_1_448' title='bbox 2094 1885 2150 1921; x_wconf 71' lang='lat' dir='ltr'>in-</span> 
     </span>
     <span class='ocr_line' id='line_1_49' title="bbox 111 1927 2148 1982; baseline 0.001 -14"><span class='ocrx_word' id='word_1_449' title='bbox 111 1932 282 1979; x_wconf 61' lang='lat' dir='ltr'>quirere,</span> <span class='ocrx_word' id='word_1_450' title='bbox 309 1930 436 1969; x_wconf 76' lang='lat' dir='ltr'>utrum</span> <span class='ocrx_word' id='word_1_451' title='bbox 450 1930 656 1970; x_wconf 86' lang='lat' dir='ltr'>clamorem</span> <span class='ocrx_word' id='word_1_452' title='bbox 670 1955 683 1975; x_wconf 94' lang='grc'>3</span> <span class='ocrx_word' id='word_1_453' title='bbox 693 1932 757 1979; x_wconf 90' lang='lat' dir='ltr'>qui</span> <span class='ocrx_word' id='word_1_454' title='bbox 769 1932 875 1967; x_wconf 89' lang='lat' dir='ltr'>venit</span> <span class='ocrx_word' id='word_1_455' title='bbox 887 1951 901 1973; x_wconf 84' lang='grc'>3</span> <span class='ocrx_word' id='word_1_456' title='bbox 914 1931 1050 1966; x_wconf 86' lang='lat' dir='ltr'>veritas</span> <span class='ocrx_word' id='word_1_457' title='bbox 1059 1938 1266 1966; x_wconf 85' lang='lat' dir='ltr'>comitetur</span> <span class='ocrx_word' id='word_1_458' title='bbox 1276 1953 1284 1963; x_wconf 90' lang='lat'><strong>.</strong></span> <span class='ocrx_word' id='word_1_459' title='bbox 1307 1927 1409 1967; x_wconf 88' lang='lat' dir='ltr'>Nam</span> <span class='ocrx_word' id='word_1_460' title='bbox 1423 1931 1526 1974; x_wconf 69' lang='lat' dir='ltr'>iuxta</span> <span class='ocrx_word' id='word_1_461' title='bbox 1538 1929 1757 1968; x_wconf 84' lang='lat' dir='ltr'>Canonicas</span> <span class='ocrx_word' id='word_1_462' title='bbox 1765 1927 1979 1971; x_wconf 59' lang='lat' dir='ltr'>sanctiones</span> <span class='ocrx_word' id='word_1_463' title='bbox 1993 1955 2006 1977; x_wconf 91' lang='grc'>3</span> <span class='ocrx_word' id='word_1_464' title='bbox 2020 1930 2043 1969; x_wconf 85' lang='lat' dir='ltr'>si</span> <span class='ocrx_word' id='word_1_465' title='bbox 2057 1932 2148 1982; x_wconf 89' lang='lat' dir='ltr'>quid</span> 
     </span>
     <span class='ocr_line' id='line_1_50' title="bbox 116 1976 2149 2027; baseline 0 -9"><span class='ocrx_word' id='word_1_466' title='bbox 116 1980 162 2018; x_wconf 87' lang='lat' dir='ltr'>de</span> <span class='ocrx_word' id='word_1_467' title='bbox 171 1990 409 2027; x_wconf 88' lang='lat' dir='ltr'>quocumque</span> <span class='ocrx_word' id='word_1_468' title='bbox 419 1979 577 2018; x_wconf 89' lang='lat' dir='ltr'>Clerico</span> <span class='ocrx_word' id='word_1_469' title='bbox 599 1978 645 2018; x_wconf 88' lang='lat' dir='ltr'>ad</span> <span class='ocrx_word' id='word_1_470' title='bbox 655 1992 760 2017; x_wconf 87' lang='lat' dir='ltr'>aures</span> <span class='ocrx_word' id='word_1_471' title='bbox 778 1976 930 2016; x_wconf 84' lang='lat' dir='ltr'>Praelati</span> <span class='ocrx_word' id='word_1_472' title='bbox 953 1987 1167 2024; x_wconf 88' lang='lat' dir='ltr'>pervenerit</span> <span class='ocrx_word' id='word_1_473' title='bbox 1178 1999 1192 2021; x_wconf 91' lang='grc'>3</span> <span class='ocrx_word' id='word_1_474' title='bbox 1218 1976 1319 2024; x_wconf 89' lang='lat' dir='ltr'>quod</span> <span class='ocrx_word' id='word_1_475' title='bbox 1337 1990 1422 2015; x_wconf 88' lang='lat' dir='ltr'>eum</span> <span class='ocrx_word' id='word_1_476' title='bbox 1445 1976 1535 2021; x_wconf 71' lang='lat' dir='ltr'>inste</span> <span class='ocrx_word' id='word_1_477' title='bbox 1554 1976 1659 2023; x_wconf 79' lang='lat' dir='ltr'>possit</span> <span class='ocrx_word' id='word_1_478' title='bbox 1687 1976 1875 2017; x_wconf 84' lang='lat' dir='ltr'>offendere</span> <span class='ocrx_word' id='word_1_479' title='bbox 1886 2003 1899 2023; x_wconf 94' lang='grc'>3</span> <span class='ocrx_word' id='word_1_480' title='bbox 1928 1993 2004 2017; x_wconf 91' lang='lat' dir='ltr'>non</span> <span class='ocrx_word' id='word_1_481' title='bbox 2032 1977 2149 2018; x_wconf 71' lang='lat' dir='ltr'>facile</span> 
     </span>
     <span class='ocr_line' id='line_1_51' title="bbox 115 2022 2147 2077; baseline 0 -11"><span class='ocrx_word' id='word_1_482' title='bbox 115 2026 268 2066; x_wconf 87' lang='lat' dir='ltr'>credere</span> <span class='ocrx_word' id='word_1_483' title='bbox 280 2025 390 2065; x_wconf 90' lang='lat' dir='ltr'>debet</span> <span class='ocrx_word' id='word_1_484' title='bbox 403 2051 417 2071; x_wconf 90' lang='grc'>3</span> <span class='ocrx_word' id='word_1_485' title='bbox 444 2040 513 2065; x_wconf 92' lang='lat' dir='ltr'>nec</span> <span class='ocrx_word' id='word_1_486' title='bbox 529 2027 577 2065; x_wconf 89' lang='lat' dir='ltr'>ad</span> <span class='ocrx_word' id='word_1_487' title='bbox 595 2026 802 2065; x_wconf 57' lang='lat' dir='ltr'>vindictam</span> <span class='ocrx_word' id='word_1_488' title='bbox 824 2038 910 2063; x_wconf 90' lang='lat' dir='ltr'>eum</span> <span class='ocrx_word' id='word_1_489' title='bbox 933 2037 990 2062; x_wconf 89' lang='lat' dir='ltr'>res</span> <span class='ocrx_word' id='word_1_490' title='bbox 1007 2022 1183 2077; x_wconf 83' lang='lat' dir='ltr'>accedere</span> <span class='ocrx_word' id='word_1_491' title='bbox 1195 2022 1301 2062; x_wconf 88' lang='lat' dir='ltr'>debet</span> <span class='ocrx_word' id='word_1_492' title='bbox 1315 2028 1508 2072; x_wconf 84' lang='lat' dir='ltr'>incognita</span> <span class='ocrx_word' id='word_1_493' title='bbox 1523 2041 1536 2071; x_wconf 74' lang='lat'>3</span> <span class='ocrx_word' id='word_1_494' title='bbox 1562 2022 1621 2064; x_wconf 89' lang='lat' dir='ltr'>sed</span> <span class='ocrx_word' id='word_1_495' title='bbox 1641 2039 1771 2065; x_wconf 87' lang='lat' dir='ltr'>coram</span> <span class='ocrx_word' id='word_1_496' title='bbox 1793 2025 1968 2066; x_wconf 73' lang='lat' dir='ltr'>Ecclesiae</span> <span class='ocrx_word' id='word_1_497' title='bbox 1993 2025 2147 2068; x_wconf 86' lang='lat' dir='ltr'>seniori—</span> 
     </span>
     <span class='ocr_line' id='line_1_52' title="bbox 115 2068 2148 2124; baseline 0.002 -12"><span class='ocrx_word' id='word_1_498' title='bbox 115 2076 182 2116; x_wconf 88' lang='lat' dir='ltr'>bus</span> <span class='ocrx_word' id='word_1_499' title='bbox 196 2073 395 2122; x_wconf 76' lang='lat' dir='ltr'>diiigenter</span> <span class='ocrx_word' id='word_1_500' title='bbox 406 2073 459 2113; x_wconf 86' lang='lat' dir='ltr'>est</span> <span class='ocrx_word' id='word_1_501' title='bbox 469 2078 605 2114; x_wconf 86' lang='lat' dir='ltr'>vetitas</span> <span class='ocrx_word' id='word_1_502' title='bbox 615 2071 877 2121; x_wconf 83' lang='lat' dir='ltr'>perscrutanda</span> <span class='ocrx_word' id='word_1_503' title='bbox 889 2096 903 2117; x_wconf 94' lang='grc'>3</span> <span class='ocrx_word' id='word_1_504' title='bbox 931 2083 972 2111; x_wconf 89' lang='lat' dir='ltr'>ut</span> <span class='ocrx_word' id='word_1_505' title='bbox 983 2069 1008 2110; x_wconf 90' lang='lat' dir='ltr'>si</span> <span class='ocrx_word' id='word_1_506' title='bbox 1019 2084 1071 2110; x_wconf 91' lang='lat' dir='ltr'>rei</span> <span class='ocrx_word' id='word_1_507' title='bbox 1090 2068 1301 2118; x_wconf 85' lang='lat' dir='ltr'>poposcerit</span> <span class='ocrx_word' id='word_1_508' title='bbox 1322 2074 1486 2122; x_wconf 85' lang='lat' dir='ltr'>qualitas</span> <span class='ocrx_word' id='word_1_509' title='bbox 1496 2097 1510 2118; x_wconf 91' lang='grc'>3</span> <span class='ocrx_word' id='word_1_510' title='bbox 1534 2087 1717 2112; x_wconf 89' lang='lat' dir='ltr'>canonica</span> <span class='ocrx_word' id='word_1_511' title='bbox 1731 2073 1920 2116; x_wconf 65' lang='lat' dir='ltr'>distritstio</span> <span class='ocrx_word' id='word_1_512' title='bbox 1930 2075 2080 2124; x_wconf 89' lang='lat' dir='ltr'>culpam</span> <span class='ocrx_word' id='word_1_513' title='bbox 2095 2075 2148 2116; x_wconf 89' lang='lat' dir='ltr'>se-</span> 
     </span>
     <span class='ocr_line' id='line_1_53' title="bbox 113 2111 2148 2172; baseline 0.001 -10"><span class='ocrx_word' id='word_1_514' title='bbox 113 2126 190 2162; x_wconf 88' lang='lat' dir='ltr'>riat</span> <span class='ocrx_word' id='word_1_515' title='bbox 203 2111 453 2172; x_wconf 85' lang='lat' dir='ltr'>delinquentis</span> <span class='ocrx_word' id='word_1_516' title='bbox 467 2147 480 2166; x_wconf 82' lang='grc'>3</span> <span class='ocrx_word' id='word_1_517' title='bbox 509 2137 584 2161; x_wconf 92' lang='lat' dir='ltr'>non</span> <span class='ocrx_word' id='word_1_518' title='bbox 596 2135 790 2171; x_wconf 84' lang='lat' dir='ltr'>tamquam</span> <span class='ocrx_word' id='word_1_519' title='bbox 803 2120 845 2160; x_wconf 89' lang='lat' dir='ltr'>sit</span> <span class='ocrx_word' id='word_1_520' title='bbox 857 2120 954 2161; x_wconf 90' lang='lat' dir='ltr'>idem</span> <span class='ocrx_word' id='word_1_521' title='bbox 967 2117 1163 2160; x_wconf 84' lang='lat' dir='ltr'>accusator</span> <span class='ocrx_word' id='word_1_522' title='bbox 1173 2144 1187 2165; x_wconf 92' lang='grc'>3</span> <span class='ocrx_word' id='word_1_523' title='bbox 1214 2120 1252 2158; x_wconf 88' lang='lat'>&amp;</span> <span class='ocrx_word' id='word_1_524' title='bbox 1263 2120 1394 2166; x_wconf 68' lang='lat' dir='ltr'>judex,</span> <span class='ocrx_word' id='word_1_525' title='bbox 1405 2119 1464 2160; x_wconf 90' lang='lat' dir='ltr'>sed</span> <span class='ocrx_word' id='word_1_526' title='bbox 1474 2120 1574 2171; x_wconf 84' lang='lat' dir='ltr'>quasi</span> <span class='ocrx_word' id='word_1_527' title='bbox 1589 2119 1692 2162; x_wconf 81' lang='lat' dir='ltr'>fama</span> <span class='ocrx_word' id='word_1_528' title='bbox 1704 2121 1901 2163; x_wconf 85' lang='lat' dir='ltr'>deferente</span> <span class='ocrx_word' id='word_1_529' title='bbox 1913 2148 1926 2169; x_wconf 93' lang='grc'>3</span> <span class='ocrx_word' id='word_1_530' title='bbox 1937 2125 1993 2163; x_wconf 91' lang='lat' dir='ltr'>vel</span> <span class='ocrx_word' id='word_1_531' title='bbox 2007 2125 2148 2165; x_wconf 90' lang='lat' dir='ltr'>denun-</span> 
     </span>
     <span class='ocr_line' id='line_1_54' title="bbox 111 2166 2146 2223; baseline 0.001 -11"><span class='ocrx_word' id='word_1_532' title='bbox 111 2175 235 2212; x_wconf 87' lang='lat' dir='ltr'>tiante</span> <span class='ocrx_word' id='word_1_533' title='bbox 246 2170 438 2216; x_wconf 70' lang='lat' dir='ltr'>clamore,</span> <span class='ocrx_word' id='word_1_534' title='bbox 465 2168 517 2209; x_wconf 90' lang='lat' dir='ltr'>sui</span> <span class='ocrx_word' id='word_1_535' title='bbox 531 2170 644 2210; x_wconf 85' lang='lat' dir='ltr'>officii</span> <span class='ocrx_word' id='word_1_536' title='bbox 671 2170 838 2210; x_wconf 87' lang='lat' dir='ltr'>debitum</span> <span class='ocrx_word' id='word_1_537' title='bbox 851 2182 1060 2219; x_wconf 83' lang='lat' dir='ltr'>exequatur</span> <span class='ocrx_word' id='word_1_538' title='bbox 1076 2193 1089 2213; x_wconf 98' lang='grc'>3</span> <span class='ocrx_word' id='word_1_539' title='bbox 1111 2166 1314 2223; x_wconf 84' lang='lat' dir='ltr'>eosempet</span> <span class='ocrx_word' id='word_1_540' title='bbox 1323 2169 1497 2210; x_wconf 87' lang='lat' dir='ltr'>adhibito</span> <span class='ocrx_word' id='word_1_541' title='bbox 1515 2169 1774 2211; x_wconf 88' lang='lat' dir='ltr'>moderamine</span> <span class='ocrx_word' id='word_1_542' title='bbox 1785 2196 1799 2217; x_wconf 94' lang='grc'>3</span> <span class='ocrx_word' id='word_1_543' title='bbox 1828 2186 1870 2211; x_wconf 91' lang='lat' dir='ltr'>ut</span> <span class='ocrx_word' id='word_1_544' title='bbox 1898 2176 1997 2217; x_wconf 82' lang='lat' dir='ltr'>juxta</span> <span class='ocrx_word' id='word_1_545' title='bbox 2019 2173 2146 2217; x_wconf 84' lang='lat' dir='ltr'>iudicii</span> 
     </span>
     <span class='ocr_line' id='line_1_55' title="bbox 111 2216 2147 2272; baseline 0.001 -12"><span class='ocrx_word' id='word_1_546' title='bbox 111 2219 279 2260; x_wconf 85' lang='lat' dir='ltr'>formam</span> <span class='ocrx_word' id='word_1_547' title='bbox 291 2243 305 2264; x_wconf 92' lang='grc'>3</span> <span class='ocrx_word' id='word_1_548' title='bbox 331 2216 521 2259; x_wconf 85' lang='lat' dir='ltr'>sententiae</span> <span class='ocrx_word' id='word_1_549' title='bbox 532 2233 682 2270; x_wconf 89' lang='lat' dir='ltr'>quoque</span> <span class='ocrx_word' id='word_1_550' title='bbox 690 2217 816 2258; x_wconf 86' lang='lat' dir='ltr'>forma</span> <span class='ocrx_word' id='word_1_551' title='bbox 829 2219 1011 2259; x_wconf 54' lang='lat' dir='ltr'>dictetur.</span> <span class='ocrx_word' id='word_1_552' title='bbox 1039 2217 1145 2257; x_wconf 78' lang='lat' dir='ltr'>Cum</span> <span class='ocrx_word' id='word_1_553' title='bbox 1160 2229 1275 2264; x_wconf 84' lang='lat' dir='ltr'>igitur</span> <span class='ocrx_word' id='word_1_554' title='bbox 1294 2217 1339 2257; x_wconf 94' lang='lat' dir='ltr'>de</span> <span class='ocrx_word' id='word_1_555' title='bbox 1355 2218 1505 2258; x_wconf 87' lang='lat' dir='ltr'>Abbate</span> <span class='ocrx_word' id='word_1_556' title='bbox 1519 2218 1770 2267; x_wconf 88' lang='lat' dir='ltr'>Pomposiano</span> <span class='ocrx_word' id='word_1_557' title='bbox 1787 2235 1830 2260; x_wconf 86' lang='lat' dir='ltr'>ea</span> <span class='ocrx_word' id='word_1_558' title='bbox 1851 2221 1960 2260; x_wconf 89' lang='lat' dir='ltr'>nobis</span> <span class='ocrx_word' id='word_1_559' title='bbox 1974 2220 2147 2272; x_wconf 85' lang='lat' dir='ltr'>frequen·</span> 
     </span>
     <span class='ocr_line' id='line_1_56' title="bbox 111 2264 2146 2319; baseline 0.002 -11"><span class='ocrx_word' id='word_1_560' title='bbox 111 2281 170 2308; x_wconf 88' lang='lat' dir='ltr'>ter</span> <span class='ocrx_word' id='word_1_561' title='bbox 185 2266 367 2307; x_wconf 89' lang='lat' dir='ltr'>insinuata</span> <span class='ocrx_word' id='word_1_562' title='bbox 378 2265 542 2315; x_wconf 74' lang='lat' dir='ltr'>fuissent,</span> <span class='ocrx_word' id='word_1_563' title='bbox 552 2280 633 2319; x_wconf 84' lang='lat' dir='ltr'>quae</span> <span class='ocrx_word' id='word_1_564' title='bbox 642 2271 691 2307; x_wconf 85' lang='lat' dir='ltr'>ab</span> <span class='ocrx_word' id='word_1_565' title='bbox 703 2267 900 2307; x_wconf 85' lang='lat' dir='ltr'>honestate</span> <span class='ocrx_word' id='word_1_566' title='bbox 921 2265 1085 2315; x_wconf 86' lang='lat' dir='ltr'>regulari</span> <span class='ocrx_word' id='word_1_567' title='bbox 1104 2264 1268 2305; x_wconf 75' lang='lat' dir='ltr'>nimium</span> <span class='ocrx_word' id='word_1_568' title='bbox 1280 2264 1515 2307; x_wconf 76' lang='lat' dir='ltr'>dissonabant</span> <span class='ocrx_word' id='word_1_569' title='bbox 1529 2292 1543 2313; x_wconf 95' lang='grc'>3</span> <span class='ocrx_word' id='word_1_570' title='bbox 1555 2268 1759 2308; x_wconf 85' lang='lat' dir='ltr'>Monachis</span> <span class='ocrx_word' id='word_1_571' title='bbox 1774 2269 1820 2309; x_wconf 88' lang='lat' dir='ltr'>ad</span> <span class='ocrx_word' id='word_1_572' title='bbox 1832 2268 2066 2317; x_wconf 64' lang='lat' dir='ltr'>praesentiam</span> <span class='ocrx_word' id='word_1_573' title='bbox 2079 2286 2146 2312; x_wconf 91' lang='lat' dir='ltr'>no-</span> 
     </span>
     <span class='ocr_line' id='line_1_57' title="bbox 114 2311 2146 2368; baseline 0.002 -12"><span class='ocrx_word' id='word_1_574' title='bbox 114 2316 227 2356; x_wconf 83' lang='lat' dir='ltr'>stram</span> <span class='ocrx_word' id='word_1_575' title='bbox 239 2316 501 2355; x_wconf 89' lang='lat' dir='ltr'>accedentibus</span> <span class='ocrx_word' id='word_1_576' title='bbox 511 2341 524 2363; x_wconf 92' lang='grc'>3</span> <span class='ocrx_word' id='word_1_577' title='bbox 545 2316 698 2367; x_wconf 84' lang='lat' dir='ltr'>quidam</span> <span class='ocrx_word' id='word_1_578' title='bbox 712 2329 759 2356; x_wconf 83' lang='lat' dir='ltr'>ex</span> <span class='ocrx_word' id='word_1_579' title='bbox 772 2315 853 2364; x_wconf 85' lang='lat' dir='ltr'>ipsis</span> <span class='ocrx_word' id='word_1_580' title='bbox 866 2314 974 2355; x_wconf 87' lang='lat' dir='ltr'>nobis</span> <span class='ocrx_word' id='word_1_581' title='bbox 989 2311 1105 2362; x_wconf 88' lang='lat' dir='ltr'>ipsum</span> <span class='ocrx_word' id='word_1_582' title='bbox 1124 2313 1315 2354; x_wconf 84' lang='lat' dir='ltr'>Abbatem</span> <span class='ocrx_word' id='word_1_583' title='bbox 1327 2314 1371 2354; x_wconf 93' lang='lat' dir='ltr'>de</span> <span class='ocrx_word' id='word_1_584' title='bbox 1385 2314 1541 2355; x_wconf 90' lang='lat' dir='ltr'>simonia</span> <span class='ocrx_word' id='word_1_585' title='bbox 1554 2340 1567 2362; x_wconf 93' lang='grc'>3</span> <span class='ocrx_word' id='word_1_586' title='bbox 1578 2320 1740 2364; x_wconf 86' lang='lat' dir='ltr'>perjurio</span> <span class='ocrx_word' id='word_1_587' title='bbox 1753 2342 1767 2363; x_wconf 92' lang='grc'>3</span> <span class='ocrx_word' id='word_1_588' title='bbox 1795 2318 2065 2366; x_wconf 80' lang='lat' dir='ltr'>dilapidatione</span> <span class='ocrx_word' id='word_1_589' title='bbox 2077 2346 2090 2368; x_wconf 91' lang='grc'>3</span> <span class='ocrx_word' id='word_1_590' title='bbox 2100 2335 2146 2362; x_wconf 84' lang='lat' dir='ltr'>ac</span> 
     </span>
     <span class='ocr_line' id='line_1_58' title="bbox 113 2362 2147 2414; baseline 0.003 -11"><span class='ocrx_word' id='word_1_591' title='bbox 113 2362 372 2405; x_wconf 86' lang='lat' dir='ltr'>insufficientia</span> <span class='ocrx_word' id='word_1_592' title='bbox 384 2364 597 2405; x_wconf 87' lang='lat' dir='ltr'>detulerunt</span> <span class='ocrx_word' id='word_1_593' title='bbox 606 2393 615 2401; x_wconf 93' lang='lat'>.</span> <span class='ocrx_word' id='word_1_594' title='bbox 644 2365 795 2404; x_wconf 87' lang='lat' dir='ltr'>Contra</span> <span class='ocrx_word' id='word_1_595' title='bbox 807 2377 900 2414; x_wconf 87' lang='lat' dir='ltr'>quos</span> <span class='ocrx_word' id='word_1_596' title='bbox 921 2362 1117 2403; x_wconf 73' lang='lat' dir='ltr'>cumidem</span> <span class='ocrx_word' id='word_1_597' title='bbox 1138 2362 1265 2403; x_wconf 77' lang='lat' dir='ltr'>Abbas</span> <span class='ocrx_word' id='word_1_598' title='bbox 1274 2377 1469 2412; x_wconf 79' lang='lat' dir='ltr'>exciperet</span> <span class='ocrx_word' id='word_1_599' title='bbox 1479 2389 1492 2410; x_wconf 90' lang='grc'>3</span> <span class='ocrx_word' id='word_1_600' title='bbox 1503 2366 1603 2414; x_wconf 89' lang='lat' dir='ltr'>quod</span> <span class='ocrx_word' id='word_1_601' title='bbox 1613 2365 1944 2407; x_wconf 83' lang='lat' dir='ltr'>denuntiationem</span> <span class='ocrx_word' id='word_1_602' title='bbox 1958 2367 2147 2413; x_wconf 79' lang='lat' dir='ltr'>huiusmo-</span> 
     </span>
     <span class='ocr_line' id='line_1_59' title="bbox 113 2410 2146 2461; baseline 0.002 -9"><span class='ocrx_word' id='word_1_603' title='bbox 113 2413 152 2452; x_wconf 97' lang='lat' dir='ltr'>di</span> <span class='ocrx_word' id='word_1_604' title='bbox 163 2411 327 2452; x_wconf 87' lang='lat' dir='ltr'>fraterna</span> <span class='ocrx_word' id='word_1_605' title='bbox 340 2415 531 2454; x_wconf 64' lang='lat' dir='ltr'>corred&#39;tio</span> <span class='ocrx_word' id='word_1_606' title='bbox 544 2439 557 2460; x_wconf 89' lang='grc'>3</span> <span class='ocrx_word' id='word_1_607' title='bbox 569 2412 771 2453; x_wconf 73' lang='lat' dir='ltr'>secundnm</span> <span class='ocrx_word' id='word_1_608' title='bbox 786 2413 956 2461; x_wconf 87' lang='lat' dir='ltr'>regulam</span> <span class='ocrx_word' id='word_1_609' title='bbox 971 2410 1237 2459; x_wconf 70' lang='lat' dir='ltr'>evangelicam</span> <span class='ocrx_word' id='word_1_610' title='bbox 1251 2437 1265 2458; x_wconf 92' lang='grc'>3</span> <span class='ocrx_word' id='word_1_611' title='bbox 1276 2427 1351 2452; x_wconf 91' lang='lat' dir='ltr'>non</span> <span class='ocrx_word' id='word_1_612' title='bbox 1363 2412 1600 2459; x_wconf 80' lang='lat' dir='ltr'>praecesserat:</span> <span class='ocrx_word' id='word_1_613' title='bbox 1613 2414 1776 2454; x_wconf 87' lang='lat' dir='ltr'>&amp;iidem</span> <span class='ocrx_word' id='word_1_614' title='bbox 1790 2415 2003 2456; x_wconf 88' lang='lat' dir='ltr'>constanter</span> <span class='ocrx_word' id='word_1_615' title='bbox 2016 2415 2146 2457; x_wconf 84' lang='lat' dir='ltr'>assere-</span> 
     </span>
     <span class='ocr_line' id='line_1_60' title="bbox 114 2457 2143 2510; baseline 0.003 -11"><span class='ocrx_word' id='word_1_616' title='bbox 114 2473 199 2500; x_wconf 88' lang='lat' dir='ltr'>rent</span> <span class='ocrx_word' id='word_1_617' title='bbox 211 2485 226 2505; x_wconf 95' lang='grc'>3</span> <span class='ocrx_word' id='word_1_618' title='bbox 251 2461 351 2510; x_wconf 64' lang='lat' dir='ltr'>qued</span> <span class='ocrx_word' id='word_1_619' title='bbox 361 2464 639 2502; x_wconf 67' lang='lat' dir='ltr'>corrediionem</span> <span class='ocrx_word' id='word_1_620' title='bbox 652 2461 863 2508; x_wconf 85' lang='lat' dir='ltr'>hujusmodi</span> <span class='ocrx_word' id='word_1_621' title='bbox 878 2457 1144 2507; x_wconf 79' lang='lat' dir='ltr'>praeinisiffeiit:</span> <span class='ocrx_word' id='word_1_622' title='bbox 1172 2460 1260 2499; x_wconf 75' lang='lat' dir='ltr'>licet</span> <span class='ocrx_word' id='word_1_623' title='bbox 1271 2461 1318 2500; x_wconf 89' lang='lat' dir='ltr'>ad</span> <span class='ocrx_word' id='word_1_624' title='bbox 1333 2461 1568 2508; x_wconf 87' lang='lat' dir='ltr'>probandum</span> <span class='ocrx_word' id='word_1_625' title='bbox 1595 2462 1672 2502; x_wconf 84' lang='lat' dir='ltr'>haec</span> <span class='ocrx_word' id='word_1_626' title='bbox 1682 2463 1842 2502; x_wconf 89' lang='lat' dir='ltr'>duorum</span> <span class='ocrx_word' id='word_1_627' title='bbox 1857 2465 2143 2506; x_wconf 86' lang='lat' dir='ltr'>Monachoruin</span> 
     </span>
     <span class='ocr_line' id='line_1_61' title="bbox 113 2507 2146 2561; baseline 0.003 -14"><span class='ocrx_word' id='word_1_628' title='bbox 113 2511 325 2555; x_wconf 82' lang='lat' dir='ltr'>juramenta</span> <span class='ocrx_word' id='word_1_629' title='bbox 339 2508 487 2549; x_wconf 81' lang='lat' dir='ltr'>fuissent</span> <span class='ocrx_word' id='word_1_630' title='bbox 500 2509 695 2551; x_wconf 79' lang='lat' dir='ltr'>exhibita?</span> <span class='ocrx_word' id='word_1_631' title='bbox 708 2512 797 2560; x_wconf 83' lang='lat' dir='ltr'>quia</span> <span class='ocrx_word' id='word_1_632' title='bbox 809 2522 939 2549; x_wconf 84' lang='lat' dir='ltr'>tamen</span> <span class='ocrx_word' id='word_1_633' title='bbox 952 2508 1058 2557; x_wconf 87' lang='lat' dir='ltr'>super</span> <span class='ocrx_word' id='word_1_634' title='bbox 1071 2507 1145 2547; x_wconf 80' lang='lat' dir='ltr'>hoc</span> <span class='ocrx_word' id='word_1_635' title='bbox 1157 2507 1219 2555; x_wconf 81' lang='lat' dir='ltr'>ipsi</span> <span class='ocrx_word' id='word_1_636' title='bbox 1232 2509 1397 2548; x_wconf 88' lang='lat' dir='ltr'>nondum</span> <span class='ocrx_word' id='word_1_637' title='bbox 1409 2510 1637 2549; x_wconf 84' lang='lat' dir='ltr'>contendere</span> <span class='ocrx_word' id='word_1_638' title='bbox 1648 2509 1883 2557; x_wconf 66' lang='lat' dir='ltr'>defistebanta</span> <span class='ocrx_word' id='word_1_639' title='bbox 1899 2513 2044 2558; x_wconf 62' lang='lat' dir='ltr'>NOSaut</span> <span class='ocrx_word' id='word_1_640' title='bbox 2058 2528 2146 2561; x_wconf 78' lang='lat' dir='ltr'>pra:-</span> 
     </span>
     <span class='ocr_line' id='line_1_62' title="bbox 111 2554 2143 2611; baseline 0.002 -14"><span class='ocrx_word' id='word_1_641' title='bbox 111 2557 277 2597; x_wconf 84' lang='lat' dir='ltr'>diximus</span> <span class='ocrx_word' id='word_1_642' title='bbox 287 2582 301 2600; x_wconf 85' lang='grc'>3</span> <span class='ocrx_word' id='word_1_643' title='bbox 314 2557 569 2607; x_wconf 87' lang='lat' dir='ltr'>frequentibus</span> <span class='ocrx_word' id='word_1_644' title='bbox 581 2560 740 2598; x_wconf 85' lang='lat' dir='ltr'>clamori</span> <span class='ocrx_word' id='word_1_645' title='bbox 746 2559 813 2598; x_wconf 91' lang='lat' dir='ltr'>bus</span> <span class='ocrx_word' id='word_1_646' title='bbox 824 2570 981 2598; x_wconf 79' lang='lat' dir='ltr'>excitati</span> <span class='ocrx_word' id='word_1_647' title='bbox 995 2583 1009 2603; x_wconf 98' lang='grc'>3</span> <span class='ocrx_word' id='word_1_648' title='bbox 1022 2569 1069 2596; x_wconf 80' lang='lat' dir='ltr'>ex</span> <span class='ocrx_word' id='word_1_649' title='bbox 1080 2554 1206 2596; x_wconf 89' lang='lat' dir='ltr'>officio</span> <span class='ocrx_word' id='word_1_650' title='bbox 1218 2558 1342 2596; x_wconf 88' lang='lat' dir='ltr'>nostro</span> <span class='ocrx_word' id='word_1_651' title='bbox 1356 2558 1545 2597; x_wconf 87' lang='lat' dir='ltr'>voluimus</span> <span class='ocrx_word' id='word_1_652' title='bbox 1557 2562 1745 2609; x_wconf 75' lang='lat' dir='ltr'>inquirere</span> <span class='ocrx_word' id='word_1_653' title='bbox 1757 2559 1801 2599; x_wconf 89' lang='lat' dir='ltr'>de</span> <span class='ocrx_word' id='word_1_654' title='bbox 1811 2561 2143 2611; x_wconf 58' lang='lat' dir='ltr'>premissisfflinnes</span> 
     </span>
     <span class='ocr_line' id='line_1_63' title="bbox 112 2604 2142 2658; baseline 0.003 -13"><span class='ocrx_word' id='word_1_655' title='bbox 112 2605 329 2645; x_wconf 88' lang='lat' dir='ltr'>Monachos</span> <span class='ocrx_word' id='word_1_656' title='bbox 343 2630 356 2650; x_wconf 92' lang='grc'>3</span> <span class='ocrx_word' id='word_1_657' title='bbox 383 2610 447 2655; x_wconf 85' lang='lat' dir='ltr'>qui</span> <span class='ocrx_word' id='word_1_658' title='bbox 460 2607 519 2647; x_wconf 87' lang='lat' dir='ltr'>vel</span> <span class='ocrx_word' id='word_1_659' title='bbox 530 2621 614 2647; x_wconf 89' lang='lat' dir='ltr'>cum</span> <span class='ocrx_word' id='word_1_660' title='bbox 629 2607 729 2655; x_wconf 73' lang='lat' dir='ltr'>ipso,</span> <span class='ocrx_word' id='word_1_661' title='bbox 755 2605 956 2647; x_wconf 84' lang='lat' dir='ltr'>velcontra</span> <span class='ocrx_word' id='word_1_662' title='bbox 970 2606 1086 2654; x_wconf 86' lang='lat' dir='ltr'>ipsum</span> <span class='ocrx_word' id='word_1_663' title='bbox 1098 2604 1347 2650; x_wconf 69' lang='lat' dir='ltr'>accesserant,</span> <span class='ocrx_word' id='word_1_664' title='bbox 1373 2609 1575 2652; x_wconf 86' lang='lat' dir='ltr'>juramenti</span> <span class='ocrx_word' id='word_1_665' title='bbox 1589 2608 1742 2647; x_wconf 89' lang='lat' dir='ltr'>vinculo</span> <span class='ocrx_word' id='word_1_666' title='bbox 1758 2608 2031 2658; x_wconf 57' lang='lat' dir='ltr'>astringentes„</span> <span class='ocrx_word' id='word_1_667' title='bbox 2043 2624 2082 2650; x_wconf 91' lang='lat' dir='ltr'>ut</span> <span class='ocrx_word' id='word_1_668' title='bbox 2097 2611 2142 2652; x_wconf 84' lang='lat' dir='ltr'>de</span> 
     </span>
     <span class='ocr_line' id='line_1_64' title="bbox 112 2653 2138 2706; baseline 0.004 -14"><span class='ocrx_word' id='word_1_669' title='bbox 112 2653 309 2703; x_wconf 86' lang='lat' dir='ltr'>propositis</span> <span class='ocrx_word' id='word_1_670' title='bbox 323 2654 470 2706; x_wconf 71' lang='lat' dir='ltr'>plenain</span> <span class='ocrx_word' id='word_1_671' title='bbox 482 2680 496 2700; x_wconf 98' lang='grc'>3</span> <span class='ocrx_word' id='word_1_672' title='bbox 506 2669 618 2705; x_wconf 89' lang='lat' dir='ltr'>quam</span> <span class='ocrx_word' id='word_1_673' title='bbox 630 2657 765 2696; x_wconf 89' lang='lat' dir='ltr'>scirent</span> <span class='ocrx_word' id='word_1_674' title='bbox 777 2679 792 2701; x_wconf 88' lang='grc'>3</span> <span class='ocrx_word' id='word_1_675' title='bbox 811 2667 1041 2703; x_wconf 86' lang='lat' dir='ltr'>exponerent</span> <span class='ocrx_word' id='word_1_676' title='bbox 1055 2666 1253 2693; x_wconf 88' lang='lat' dir='ltr'>veritatem</span> <span class='ocrx_word' id='word_1_677' title='bbox 1268 2657 1447 2705; x_wconf 76' lang='lat' dir='ltr'>:quori‘im</span> <span class='ocrx_word' id='word_1_678' title='bbox 1461 2653 1708 2703; x_wconf 86' lang='lat' dir='ltr'>depositiones</span> <span class='ocrx_word' id='word_1_679' title='bbox 1719 2659 1756 2695; x_wconf 90' lang='lat' dir='ltr'>in</span> <span class='ocrx_word' id='word_1_680' title='bbox 1770 2654 1960 2705; x_wconf 87' lang='lat' dir='ltr'>scripturis</span> <span class='ocrx_word' id='word_1_681' title='bbox 1972 2660 2138 2704; x_wconf 49' lang='lat' dir='ltr'>reddre,</span> 
     </span>
     <span class='ocr_line' id='line_1_65' title="bbox 111 2700 2140 2755; baseline 0.002 -13"><span class='ocrx_word' id='word_1_682' title='bbox 111 2702 201 2743; x_wconf 75' lang='lat' dir='ltr'>‚cum</span> <span class='ocrx_word' id='word_1_683' title='bbox 213 2701 410 2750; x_wconf 86' lang='lat' dir='ltr'>piiblicatae</span> <span class='ocrx_word' id='word_1_684' title='bbox 423 2701 593 2750; x_wconf 74' lang='lat' dir='ltr'>tuissent,</span> <span class='ocrx_word' id='word_1_685' title='bbox 620 2703 724 2751; x_wconf 87' lang='lat' dir='ltr'>supet</span> <span class='ocrx_word' id='word_1_686' title='bbox 736 2704 809 2744; x_wconf 81' lang='lat' dir='ltr'>iliis</span> <span class='ocrx_word' id='word_1_687' title='bbox 834 2717 1011 2753; x_wconf 64' lang='lat' dir='ltr'>ceperunt</span> <span class='ocrx_word' id='word_1_688' title='bbox 1035 2702 1298 2749; x_wconf 87' lang='lat' dir='ltr'>multipliciter</span> <span class='ocrx_word' id='word_1_689' title='bbox 1314 2700 1500 2751; x_wconf 88' lang='lat' dir='ltr'>disputare</span> <span class='ocrx_word' id='word_1_690' title='bbox 1513 2733 1523 2744; x_wconf 90' lang='lat'><strong>.</strong></span> <span class='ocrx_word' id='word_1_691' title='bbox 1548 2703 1653 2755; x_wconf 82' lang='lat' dir='ltr'>Qiia</span> <span class='ocrx_word' id='word_1_692' title='bbox 1680 2705 1770 2745; x_wconf 75' lang='lat' dir='ltr'>vero</span> <span class='ocrx_word' id='word_1_693' title='bbox 1792 2719 1873 2746; x_wconf 91' lang='lat' dir='ltr'>tuin</span> <span class='ocrx_word' id='word_1_694' title='bbox 1883 2720 1929 2746; x_wconf 86' lang='lat' dir='ltr'>ex</span> <span class='ocrx_word' id='word_1_695' title='bbox 1939 2705 2140 2747; x_wconf 71' lang='lat' dir='ltr'>assertione</span> 
     </span>
     <span class='ocr_line' id='line_1_66' title="bbox 112 2750 2137 2803; baseline 0.003 -12"><span class='ocrx_word' id='word_1_696' title='bbox 112 2751 396 2791; x_wconf 88' lang='lat' dir='ltr'>Monachotum</span> <span class='ocrx_word' id='word_1_697' title='bbox 410 2775 425 2794; x_wconf 89' lang='grc'>3</span> <span class='ocrx_word' id='word_1_698' title='bbox 453 2764 532 2790; x_wconf 91' lang='lat' dir='ltr'>tum</span> <span class='ocrx_word' id='word_1_699' title='bbox 546 2765 592 2790; x_wconf 85' lang='lat' dir='ltr'>ex</span> <span class='ocrx_word' id='word_1_700' title='bbox 604 2752 710 2800; x_wconf 87' lang='lat' dir='ltr'>ipsius</span> <span class='ocrx_word' id='word_1_701' title='bbox 724 2751 886 2792; x_wconf 88' lang='lat' dir='ltr'>Abbatis</span> <span class='ocrx_word' id='word_1_702' title='bbox 900 2750 1126 2792; x_wconf 85' lang='lat' dir='ltr'>confeffione</span> <span class='ocrx_word' id='word_1_703' title='bbox 1135 2755 1382 2800; x_wconf 85' lang='lat' dir='ltr'>cognovimus</span> <span class='ocrx_word' id='word_1_704' title='bbox 1392 2776 1405 2798; x_wconf 87' lang='grc'>3</span> <span class='ocrx_word' id='word_1_705' title='bbox 1431 2751 1533 2803; x_wconf 77' lang='lat' dir='ltr'>quod</span> <span class='ocrx_word' id='word_1_706' title='bbox 1544 2754 1642 2793; x_wconf 90' lang='lat' dir='ltr'>idem</span> <span class='ocrx_word' id='word_1_707' title='bbox 1657 2769 1732 2793; x_wconf 90' lang='lat' dir='ltr'>non</span> <span class='ocrx_word' id='word_1_708' title='bbox 1748 2755 1937 2795; x_wconf 85' lang='lat' dir='ltr'>modicam</span> <span class='ocrx_word' id='word_1_709' title='bbox 1954 2754 2137 2797; x_wconf 87' lang='lat' dir='ltr'>summam</span> 
     </span>
     <span class='ocr_line' id='line_1_67' title="bbox 111 2799 2137 2852; baseline 0.002 -14"><span class='ocrx_word' id='word_1_710' title='bbox 111 2803 277 2848; x_wconf 75' lang='lat' dir='ltr'>pecuniae</span> <span class='ocrx_word' id='word_1_711' title='bbox 288 2800 460 2852; x_wconf 55' lang='lat' dir='ltr'>relictam</span> <span class='ocrx_word' id='word_1_712' title='bbox 475 2800 496 2838; x_wconf 72' lang='lat' dir='ltr'>a</span> <span class='ocrx_word' id='word_1_713' title='bbox 506 2799 762 2845; x_wconf 66' lang='lat' dir='ltr'>praedecessore</span> <span class='ocrx_word' id='word_1_714' title='bbox 774 2800 839 2840; x_wconf 88' lang='lat' dir='ltr'>suo</span> <span class='ocrx_word' id='word_1_715' title='bbox 848 2802 1075 2847; x_wconf 81' lang='lat' dir='ltr'>expenderat</span> <span class='ocrx_word' id='word_1_716' title='bbox 1087 2824 1101 2845; x_wconf 92' lang='grc'>3</span> <span class='ocrx_word' id='word_1_717' title='bbox 1128 2800 1168 2839; x_wconf 88' lang='lat'>&amp;</span> <span class='ocrx_word' id='word_1_718' title='bbox 1183 2815 1220 2840; x_wconf 90' lang='lat' dir='ltr'>in</span> <span class='ocrx_word' id='word_1_719' title='bbox 1235 2800 1311 2840; x_wconf 88' lang='lat' dir='ltr'>alia</span> <span class='ocrx_word' id='word_1_720' title='bbox 1332 2800 1477 2841; x_wconf 87' lang='lat' dir='ltr'>summa</span> <span class='ocrx_word' id='word_1_721' title='bbox 1491 2804 1626 2845; x_wconf 85' lang='lat' dir='ltr'>maiori</span> <span class='ocrx_word' id='word_1_722' title='bbox 1640 2803 1913 2843; x_wconf 79' lang='lat' dir='ltr'>Monasteri&#39;um</span> <span class='ocrx_word' id='word_1_723' title='bbox 1928 2803 2116 2851; x_wconf 86' lang='lat' dir='ltr'>obligarat</span> <span class='ocrx_word' id='word_1_724' title='bbox 2127 2821 2137 2841; x_wconf 90' lang='lat'><strong>:</strong></span> 
     </span>
     <span class='ocr_line' id='line_1_68' title="bbox 116 2847 2136 2898; baseline 0.002 -11"><span class='ocrx_word' id='word_1_725' title='bbox 116 2849 202 2888; x_wconf 86' lang='lat' dir='ltr'>Nos</span> <span class='ocrx_word' id='word_1_726' title='bbox 215 2861 300 2886; x_wconf 88' lang='lat' dir='ltr'>eum</span> <span class='ocrx_word' id='word_1_727' title='bbox 311 2872 325 2893; x_wconf 87' lang='grc'>3</span> <span class='ocrx_word' id='word_1_728' title='bbox 351 2847 506 2896; x_wconf 80' lang='lat' dir='ltr'>quande</span> <span class='ocrx_word' id='word_1_729' title='bbox 516 2847 785 2895; x_wconf 81' lang='lat' dir='ltr'>dilapidatione</span> <span class='ocrx_word' id='word_1_730' title='bbox 798 2847 1004 2895; x_wconf 71' lang='lat' dir='ltr'>susped&#39;cum</span> <span class='ocrx_word' id='word_1_731' title='bbox 1016 2875 1030 2895; x_wconf 92' lang='grc'>3</span> <span class='ocrx_word' id='word_1_732' title='bbox 1050 2849 1099 2890; x_wconf 84' lang='lat' dir='ltr'>ab</span> <span class='ocrx_word' id='word_1_733' title='bbox 1109 2849 1435 2890; x_wconf 84' lang='lat' dir='ltr'>administratione</span> <span class='ocrx_word' id='word_1_734' title='bbox 1450 2849 1626 2890; x_wconf 82' lang='lat' dir='ltr'>Abbatiae</span> <span class='ocrx_word' id='word_1_735' title='bbox 1637 2851 1810 2890; x_wconf 86' lang='lat' dir='ltr'>duximus</span> <span class='ocrx_word' id='word_1_736' title='bbox 1823 2849 2110 2898; x_wconf 83' lang='lat' dir='ltr'>suspendendum</span> <span class='ocrx_word' id='word_1_737' title='bbox 2125 2869 2136 2891; x_wconf 73' lang='grc' dir='ltr'><strong><em>ε</em></strong></span> 
     </span>
     <span class='ocr_line' id='line_1_69' title="bbox 116 2895 2135 2949; baseline 0.002 -15"><span class='ocrx_word' id='word_1_738' title='bbox 116 2896 156 2934; x_wconf 87' lang='lat'>&amp;</span> <span class='ocrx_word' id='word_1_739' title='bbox 167 2909 214 2946; x_wconf 86' lang='lat' dir='ltr'>qu</span> <span class='ocrx_word' id='word_1_740' title='bbox 222 2900 256 2936; x_wconf 87' lang='lat' dir='ltr'>ia</span> <span class='ocrx_word' id='word_1_741' title='bbox 267 2895 423 2935; x_wconf 87' lang='lat' dir='ltr'>simonia</span> <span class='ocrx_word' id='word_1_742' title='bbox 434 2895 562 2935; x_wconf 83' lang='lat' dir='ltr'>multis</span> <span class='ocrx_word' id='word_1_743' title='bbox 575 2897 695 2949; x_wconf 72' lang='lat' dir='ltr'>modis</span> <span class='ocrx_word' id='word_1_744' title='bbox 705 2910 838 2936; x_wconf 86' lang='lat' dir='ltr'>contra</span> <span class='ocrx_word' id='word_1_745' title='bbox 853 2895 969 2944; x_wconf 87' lang='lat' dir='ltr'>ipsum</span> <span class='ocrx_word' id='word_1_746' title='bbox 983 2898 1176 2939; x_wconf 89' lang='lat' dir='ltr'>Abbatem</span> <span class='ocrx_word' id='word_1_747' title='bbox 1192 2897 1387 2938; x_wconf 88' lang='lat' dir='ltr'>videbatur</span> <span class='ocrx_word' id='word_1_748' title='bbox 1396 2897 1465 2938; x_wconf 84' lang='lat' dir='ltr'>esse</span> <span class='ocrx_word' id='word_1_749' title='bbox 1477 2897 1636 2946; x_wconf 86' lang='lat' dir='ltr'>probata</span> <span class='ocrx_word' id='word_1_750' title='bbox 1648 2923 1663 2945; x_wconf 92' lang='grc'>3</span> <span class='ocrx_word' id='word_1_751' title='bbox 1689 2897 1762 2946; x_wconf 87' lang='lat' dir='ltr'>ipse</span> <span class='ocrx_word' id='word_1_752' title='bbox 1770 2912 1903 2945; x_wconf 84' lang='lat' dir='ltr'>contra</span> <span class='ocrx_word' id='word_1_753' title='bbox 1914 2898 2022 2938; x_wconf 89' lang='lat' dir='ltr'>testes</span> <span class='ocrx_word' id='word_1_754' title='bbox 2035 2914 2096 2939; x_wconf 84' lang='lat' dir='ltr'>inii</span> <span class='ocrx_word' id='word_1_755' title='bbox 2107 2900 2135 2939; x_wconf 86' lang='lat' dir='ltr'>l-</span> 
     </span>
     <span class='ocr_line' id='line_1_70' title="bbox 120 2943 2133 2994; baseline 0.003 -12"><span class='ocrx_word' id='word_1_756' title='bbox 120 2956 176 2983; x_wconf 88' lang='lat' dir='ltr'>tas</span> <span class='ocrx_word' id='word_1_757' title='bbox 187 2947 426 2992; x_wconf 79' lang='lat' dir='ltr'>exceptiones</span> <span class='ocrx_word' id='word_1_758' title='bbox 436 2943 608 2992; x_wconf 90' lang='lat' dir='ltr'>opposuit</span> <span class='ocrx_word' id='word_1_759' title='bbox 623 2971 635 2990; x_wconf 89' lang='grc'>3</span> <span class='ocrx_word' id='word_1_760' title='bbox 664 2950 767 2992; x_wconf 88' lang='lat' dir='ltr'>super</span> <span class='ocrx_word' id='word_1_761' title='bbox 777 2944 910 2994; x_wconf 88' lang='lat' dir='ltr'>quibus</span> <span class='ocrx_word' id='word_1_762' title='bbox 924 2945 996 2986; x_wconf 86' lang='lat' dir='ltr'>suit</span> <span class='ocrx_word' id='word_1_763' title='bbox 1021 2945 1282 2994; x_wconf 87' lang='lat' dir='ltr'>multipliciter</span> <span class='ocrx_word' id='word_1_764' title='bbox 1304 2945 1552 2994; x_wconf 87' lang='lat' dir='ltr'>disputatum:</span> <span class='ocrx_word' id='word_1_765' title='bbox 1579 2947 1667 2986; x_wconf 84' lang='lat' dir='ltr'>aliis</span> <span class='ocrx_word' id='word_1_766' title='bbox 1685 2945 1927 2986; x_wconf 80' lang='lat' dir='ltr'>afferentibus</span> <span class='ocrx_word' id='word_1_767' title='bbox 1957 2948 1992 2985; x_wconf 88' lang='lat' dir='ltr'>in</span> <span class='ocrx_word' id='word_1_768' title='bbox 2003 2952 2133 2989; x_wconf 85' lang='lat' dir='ltr'>crimi-</span> 
     </span>
     <span class='ocr_line' id='line_1_71' title="bbox 121 2991 2135 3082; baseline 0.003 -52"><span class='ocrx_word' id='word_1_769' title='bbox 121 3006 169 3030; x_wconf 88' lang='lat' dir='ltr'>ne</span> <span class='ocrx_word' id='word_1_770' title='bbox 180 2992 366 3036; x_wconf 63' lang='lat' dir='ltr'>fimoniae„</span> <span class='ocrx_word' id='word_1_771' title='bbox 395 2991 485 3032; x_wconf 86' lang='lat' dir='ltr'>sicut</span> <span class='ocrx_word' id='word_1_772' title='bbox 498 2996 533 3031; x_wconf 89' lang='lat' dir='ltr'>in</span> <span class='ocrx_word' id='word_1_773' title='bbox 544 2996 703 3032; x_wconf 86' lang='lat' dir='ltr'>crimine</span> <span class='ocrx_word' id='word_1_774' title='bbox 716 2991 1011 3036; x_wconf 81' lang='lat' dir='ltr'>laesaemaiestatis</span> <span class='ocrx_word' id='word_1_775' title='bbox 1026 3021 1040 3041; x_wconf 92' lang='grc'>3</span> <span class='ocrx_word' id='word_1_776' title='bbox 1067 3009 1199 3035; x_wconf 90' lang='lat' dir='ltr'>omnes</span> <span class='ocrx_word' id='word_1_777' title='bbox 1213 2993 1489 3040; x_wconf 71' lang='lat' dir='ltr'>indifferenter,</span> <span class='ocrx_word' id='word_1_778' title='bbox 1516 3008 1595 3035; x_wconf 83' lang='lat' dir='ltr'>tam</span> <span class='ocrx_word' id='word_1_779' title='bbox 1612 2993 1770 3034; x_wconf 87' lang='lat' dir='ltr'>infames</span> <span class='ocrx_word' id='word_1_780' title='bbox 1784 3019 1797 3040; x_wconf 94' lang='grc'>3</span> <span class='ocrx_word' id='word_1_781' title='bbox 1823 2996 1934 3082; x_wconf 57' lang='lat' dir='ltr'>guam</span> <span class='ocrx_word' id='word_1_782' title='bbox 1954 2999 2135 3036; x_wconf 86' lang='lat' dir='ltr'>crimino-</span> 
     </span>
     <span class='ocr_line' id='line_1_72' title="bbox 119 3037 2134 3092; baseline 0.003 -12"><span class='ocrx_word' id='word_1_783' title='bbox 119 3037 206 3086; x_wconf 73' lang='lat' dir='ltr'>sos,</span> <span class='ocrx_word' id='word_1_784' title='bbox 230 3056 305 3080; x_wconf 90' lang='lat' dir='ltr'>non</span> <span class='ocrx_word' id='word_1_785' title='bbox 319 3040 439 3081; x_wconf 77' lang='lat' dir='ltr'>solum</span> <span class='ocrx_word' id='word_1_786' title='bbox 458 3041 504 3081; x_wconf 88' lang='lat' dir='ltr'>ad</span> <span class='ocrx_word' id='word_1_787' title='bbox 513 3039 758 3081; x_wconf 83' lang='lat' dir='ltr'>accusandum</span> <span class='ocrx_word' id='word_1_788' title='bbox 771 3065 786 3087; x_wconf 93' lang='grc'>3</span> <span class='ocrx_word' id='word_1_789' title='bbox 813 3039 998 3083; x_wconf 89' lang='lat' dir='ltr'>sedetiam</span> <span class='ocrx_word' id='word_1_790' title='bbox 1019 3043 1067 3083; x_wconf 93' lang='lat' dir='ltr'>ad</span> <span class='ocrx_word' id='word_1_791' title='bbox 1084 3042 1357 3083; x_wconf 85' lang='lat' dir='ltr'>testificandum</span> <span class='ocrx_word' id='word_1_792' title='bbox 1380 3043 1633 3083; x_wconf 89' lang='lat' dir='ltr'>admittendos</span> <span class='ocrx_word' id='word_1_793' title='bbox 1649 3060 1659 3081; x_wconf 73' lang='grc' dir='ltr'>ε</span> <span class='ocrx_word' id='word_1_794' title='bbox 1683 3043 1770 3081; x_wconf 77' lang='lat' dir='ltr'>cum</span> <span class='ocrx_word' id='word_1_795' title='bbox 1799 3056 1819 3080; x_wconf 87' lang='lat' dir='ltr'>a</span> <span class='ocrx_word' id='word_1_796' title='bbox 1868 3042 1980 3083; x_wconf 85' lang='lat' dir='ltr'>instat</span> <span class='ocrx_word' id='word_1_797' title='bbox 1991 3044 2134 3092; x_wconf 86' lang='lat' dir='ltr'>publici</span> 
     </span>
     <span class='ocr_line' id='line_1_73' title="bbox 119 3088 2136 3143; baseline 0.004 -17"><span class='ocrx_word' id='word_1_798' title='bbox 119 3090 286 3128; x_wconf 88' lang='lat' dir='ltr'>criminis</span> <span class='ocrx_word' id='word_1_799' title='bbox 299 3114 313 3136; x_wconf 87' lang='grc'>3</span> <span class='ocrx_word' id='word_1_800' title='bbox 339 3090 378 3128; x_wconf 88' lang='lat'><strong>&amp;</strong></span> <span class='ocrx_word' id='word_1_801' title='bbox 389 3088 476 3129; x_wconf 83' lang='lat' dir='ltr'>laesae</span> <span class='ocrx_word' id='word_1_802' title='bbox 488 3104 547 3128; x_wconf 85' lang='lat' dir='ltr'>ma</span> <span class='ocrx_word' id='word_1_803' title='bbox 554 3088 690 3135; x_wconf 80' lang='lat' dir='ltr'>jesta&#39;tis</span> <span class='ocrx_word' id='word_1_804' title='bbox 703 3114 717 3136; x_wconf 92' lang='grc'>3</span> <span class='ocrx_word' id='word_1_805' title='bbox 744 3089 920 3137; x_wconf 87' lang='lat' dir='ltr'>procedat</span> <span class='ocrx_word' id='word_1_806' title='bbox 930 3091 1118 3132; x_wconf 85' lang='lat' dir='ltr'>accusatio</span> <span class='ocrx_word' id='word_1_807' title='bbox 1128 3090 1292 3133; x_wconf 86' lang='lat' dir='ltr'>simoniae</span> <span class='ocrx_word' id='word_1_808' title='bbox 1306 3108 1317 3128; x_wconf 91' lang='grc'>.·</span> <span class='ocrx_word' id='word_1_809' title='bbox 1341 3091 1422 3130; x_wconf 86' lang='lat' dir='ltr'>aliis</span> <span class='ocrx_word' id='word_1_810' title='bbox 1435 3090 1456 3129; x_wconf 81' lang='grc' dir='ltr'>ὲ</span> <span class='ocrx_word' id='word_1_811' title='bbox 1466 3094 1661 3130; x_wconf 87' lang='lat' dir='ltr'>contrario</span> <span class='ocrx_word' id='word_1_812' title='bbox 1670 3088 1976 3136; x_wconf 86' lang='lat' dir='ltr'>respondentibus</span> <span class='ocrx_word' id='word_1_813' title='bbox 1993 3118 2008 3140; x_wconf 89' lang='grc'>3</span> <span class='ocrx_word' id='word_1_814' title='bbox 2033 3093 2136 3143; x_wconf 75' lang='lat' dir='ltr'>quod</span> 
     </span>
     <span class='ocr_line' id='line_1_74' title="bbox 120 3135 2132 3190; baseline -0 -15"><span class='ocrx_word' id='word_1_815' title='bbox 120 3136 212 3176; x_wconf 71' lang='lat' dir='ltr'>licet</span> <span class='ocrx_word' id='word_1_816' title='bbox 235 3137 311 3185; x_wconf 81' lang='lat' dir='ltr'>haec</span> <span class='ocrx_word' id='word_1_817' title='bbox 320 3138 394 3178; x_wconf 92' lang='lat' dir='ltr'>duo</span> <span class='ocrx_word' id='word_1_818' title='bbox 402 3143 562 3178; x_wconf 88' lang='lat' dir='ltr'>crimina</span> <span class='ocrx_word' id='word_1_819' title='bbox 573 3151 755 3186; x_wconf 88' lang='lat' dir='ltr'>quantum</span> <span class='ocrx_word' id='word_1_820' title='bbox 770 3137 817 3177; x_wconf 88' lang='lat' dir='ltr'>ad</span> <span class='ocrx_word' id='word_1_821' title='bbox 828 3135 1102 3180; x_wconf 85' lang='lat' dir='ltr'>accusationem</span> <span class='ocrx_word' id='word_1_822' title='bbox 1114 3165 1127 3186; x_wconf 87' lang='grc'>3</span> <span class='ocrx_word' id='word_1_823' title='bbox 1153 3138 1256 3190; x_wconf 81' lang='lat' dir='ltr'>quasi</span> <span class='ocrx_word' id='word_1_824' title='bbox 1265 3142 1367 3186; x_wconf 84' lang='lat' dir='ltr'>paria</span> <span class='ocrx_word' id='word_1_825' title='bbox 1391 3138 1623 3183; x_wconf 72' lang='lat' dir='ltr'>iudicentur,</span> <span class='ocrx_word' id='word_1_826' title='bbox 1648 3135 1824 3177; x_wconf 85' lang='lat' dir='ltr'>differunt</span> <span class='ocrx_word' id='word_1_827' title='bbox 1845 3152 1972 3180; x_wconf 89' lang='lat' dir='ltr'>tamen</span> <span class='ocrx_word' id='word_1_828' title='bbox 1987 3144 2023 3180; x_wconf 85' lang='lat' dir='ltr'>i&#39;n</span> <span class='ocrx_word' id='word_1_829' title='bbox 2038 3143 2132 3182; x_wconf 79' lang='lat' dir='ltr'>mul-</span> 
     </span>
     <span class='ocr_line' id='line_1_75' title="bbox 119 3183 2130 3234; baseline 0.002 -9"><span class='ocrx_word' id='word_1_830' title='bbox 119 3187 169 3225; x_wconf 88' lang='lat' dir='ltr'>tis</span> <span class='ocrx_word' id='word_1_831' title='bbox 186 3202 195 3222; x_wconf 89' lang='lat'>:</span> <span class='ocrx_word' id='word_1_832' title='bbox 222 3184 306 3224; x_wconf 72' lang='lat' dir='ltr'>ci&#39;im</span> <span class='ocrx_word' id='word_1_833' title='bbox 319 3186 395 3227; x_wconf 88' lang='lat' dir='ltr'>alia</span> <span class='ocrx_word' id='word_1_834' title='bbox 407 3200 521 3234; x_wconf 79' lang='lat' dir='ltr'>poena</span> <span class='ocrx_word' id='word_1_835' title='bbox 533 3201 601 3234; x_wconf 85' lang='lat' dir='ltr'>pro</span> <span class='ocrx_word' id='word_1_836' title='bbox 611 3202 709 3229; x_wconf 49' lang='lat' dir='ltr'>unos</span> <span class='ocrx_word' id='word_1_837' title='bbox 735 3187 775 3225; x_wconf 89' lang='lat'>&amp;</span> <span class='ocrx_word' id='word_1_838' title='bbox 786 3186 860 3229; x_wconf 81' lang='lat' dir='ltr'>alia</span> <span class='ocrx_word' id='word_1_839' title='bbox 872 3199 941 3233; x_wconf 87' lang='lat' dir='ltr'>pro</span> <span class='ocrx_word' id='word_1_840' title='bbox 951 3187 1073 3227; x_wconf 86' lang='lat' dir='ltr'>altero</span> <span class='ocrx_word' id='word_1_841' title='bbox 1083 3187 1288 3229; x_wconf 86' lang='lat' dir='ltr'>inferatur:</span> <span class='ocrx_word' id='word_1_842' title='bbox 1315 3187 1354 3225; x_wconf 75' lang='grc' dir='ltr'>δε</span> <span class='ocrx_word' id='word_1_843' title='bbox 1368 3189 1464 3226; x_wconf 88' lang='lat' dir='ltr'>inter</span> <span class='ocrx_word' id='word_1_844' title='bbox 1473 3186 1644 3233; x_wconf 82' lang='lat' dir='ltr'>personas</span> <span class='ocrx_word' id='word_1_845' title='bbox 1656 3183 1916 3228; x_wconf 89' lang='lat' dir='ltr'>accusatorum</span> <span class='ocrx_word' id='word_1_846' title='bbox 1930 3189 1969 3228; x_wconf 88' lang='lat'>&amp;</span> <span class='ocrx_word' id='word_1_847' title='bbox 1979 3191 2130 3231; x_wconf 87' lang='lat' dir='ltr'>testium</span> 
     </span>
     <span class='ocr_line' id='line_1_76' title="bbox 117 3230 2131 3283; baseline 0.003 -12"><span class='ocrx_word' id='word_1_848' title='bbox 117 3233 161 3272; x_wconf 86' lang='lat' dir='ltr'>sit</span> <span class='ocrx_word' id='word_1_849' title='bbox 172 3236 301 3283; x_wconf 90' lang='lat' dir='ltr'>utique</span> <span class='ocrx_word' id='word_1_850' title='bbox 310 3234 607 3283; x_wconf 86' lang='lat' dir='ltr'>distinguendum</span> <span class='ocrx_word' id='word_1_851' title='bbox 622 3260 636 3281; x_wconf 91' lang='grc'>3</span> <span class='ocrx_word' id='word_1_852' title='bbox 663 3235 750 3276; x_wconf 78' lang='lat' dir='ltr'>cum</span> <span class='ocrx_word' id='word_1_853' title='bbox 762 3249 836 3274; x_wconf 90' lang='lat' dir='ltr'>non</span> <span class='ocrx_word' id='word_1_854' title='bbox 849 3247 913 3282; x_wconf 92' lang='lat' dir='ltr'>per</span> <span class='ocrx_word' id='word_1_855' title='bbox 921 3230 1154 3277; x_wconf 90' lang='lat' dir='ltr'>accusatores</span> <span class='ocrx_word' id='word_1_856' title='bbox 1169 3262 1182 3283; x_wconf 92' lang='grc'>3</span> <span class='ocrx_word' id='word_1_857' title='bbox 1196 3235 1254 3276; x_wconf 82' lang='lat' dir='ltr'>sed</span> <span class='ocrx_word' id='word_1_858' title='bbox 1265 3249 1326 3281; x_wconf 86' lang='lat' dir='ltr'>per</span> <span class='ocrx_word' id='word_1_859' title='bbox 1337 3233 1445 3273; x_wconf 89' lang='lat' dir='ltr'>testes</span> <span class='ocrx_word' id='word_1_860' title='bbox 1459 3237 1618 3273; x_wconf 89' lang='lat' dir='ltr'>crimina</span> <span class='ocrx_word' id='word_1_861' title='bbox 1629 3234 1924 3281; x_wconf 86' lang='lat' dir='ltr'>comprobentur</span> <span class='ocrx_word' id='word_1_862' title='bbox 1934 3265 1943 3274; x_wconf 91' lang='lat'><strong>.</strong></span> <span class='ocrx_word' id='word_1_863' title='bbox 1969 3238 2030 3278; x_wconf 88' lang='lat' dir='ltr'>Ne</span> <span class='ocrx_word' id='word_1_864' title='bbox 2041 3240 2131 3280; x_wconf 66' lang='lat' dir='ltr'>vero</span> 
     </span>
     <span class='ocr_line' id='line_1_77' title="bbox 117 3280 2132 3337; baseline 0 -17"><span class='ocrx_word' id='word_1_865' title='bbox 117 3281 176 3320; x_wconf 90' lang='lat' dir='ltr'>vel</span> <span class='ocrx_word' id='word_1_866' title='bbox 188 3283 411 3322; x_wconf 64' lang='lat' dir='ltr'>innocentiae</span> <span class='ocrx_word' id='word_1_867' title='bbox 420 3287 561 3331; x_wconf 85' lang='lat' dir='ltr'>puritas</span> <span class='ocrx_word' id='word_1_868' title='bbox 572 3280 726 3325; x_wconf 85' lang='lat' dir='ltr'>confusa</span> <span class='ocrx_word' id='word_1_869' title='bbox 734 3282 992 3324; x_wconf 88' lang='lat' dir='ltr'>succumberet</span> <span class='ocrx_word' id='word_1_870' title='bbox 1006 3308 1019 3330; x_wconf 90' lang='grc'>3</span> <span class='ocrx_word' id='word_1_871' title='bbox 1046 3286 1105 3326; x_wconf 79' lang='lat' dir='ltr'>vei</span> <span class='ocrx_word' id='word_1_872' title='bbox 1116 3285 1278 3324; x_wconf 86' lang='lat' dir='ltr'>simoniae</span> <span class='ocrx_word' id='word_1_873' title='bbox 1287 3284 1450 3329; x_wconf 86' lang='lat' dir='ltr'>pravitas</span> <span class='ocrx_word' id='word_1_874' title='bbox 1462 3280 1639 3329; x_wconf 86' lang='lat' dir='ltr'>effugeret</span> <span class='ocrx_word' id='word_1_875' title='bbox 1655 3285 1860 3331; x_wconf 85' lang='lat' dir='ltr'>impunita:</span> <span class='ocrx_word' id='word_1_876' title='bbox 1882 3285 1966 3326; x_wconf 85' lang='lat' dir='ltr'>Nos</span> <span class='ocrx_word' id='word_1_877' title='bbox 1978 3291 2132 3337; x_wconf 69' lang='lat' dir='ltr'>aequi&#39;ta-</span> 
     </span>
     <span class='ocr_line' id='line_1_78' title="bbox 117 3328 2131 3382; baseline 0.004 -14"><span class='ocrx_word' id='word_1_878' title='bbox 117 3342 155 3369; x_wconf 89' lang='lat' dir='ltr'>te</span> <span class='ocrx_word' id='word_1_879' title='bbox 166 3328 317 3377; x_wconf 87' lang='lat' dir='ltr'>pensata</span> <span class='ocrx_word' id='word_1_880' title='bbox 329 3353 343 3375; x_wconf 85' lang='grc'>3</span> <span class='ocrx_word' id='word_1_881' title='bbox 370 3331 453 3371; x_wconf 86' lang='lat' dir='ltr'>illas</span> <span class='ocrx_word' id='word_1_882' title='bbox 463 3333 659 3373; x_wconf 84' lang='lat' dir='ltr'>dumtaxat</span> <span class='ocrx_word' id='word_1_883' title='bbox 668 3335 907 3381; x_wconf 85' lang='lat' dir='ltr'>exceptiones</span> <span class='ocrx_word' id='word_1_884' title='bbox 917 3331 1102 3379; x_wconf 85' lang='lat' dir='ltr'>oppositas</span> <span class='ocrx_word' id='word_1_885' title='bbox 1115 3331 1323 3380; x_wconf 86' lang='lat' dir='ltr'>probandas</span> <span class='ocrx_word' id='word_1_886' title='bbox 1333 3328 1548 3371; x_wconf 85' lang='lat' dir='ltr'>admisimus</span> <span class='ocrx_word' id='word_1_887' title='bbox 1560 3355 1576 3379; x_wconf 87' lang='grc'>3</span> <span class='ocrx_word' id='word_1_888' title='bbox 1600 3343 1681 3382; x_wconf 82' lang='lat' dir='ltr'>quae</span> <span class='ocrx_word' id='word_1_889' title='bbox 1700 3332 1868 3381; x_wconf 70' lang='lat' dir='ltr'>probatae</span> <span class='ocrx_word' id='word_1_890' title='bbox 1892 3349 1968 3375; x_wconf 89' lang='lat' dir='ltr'>non</span> <span class='ocrx_word' id='word_1_891' title='bbox 1991 3336 2036 3376; x_wconf 92' lang='lat' dir='ltr'>de</span> <span class='ocrx_word' id='word_1_892' title='bbox 2045 3338 2131 3378; x_wconf 85' lang='lat' dir='ltr'>zelo</span> 
     </span>
     <span class='ocr_line' id='line_1_79' title="bbox 118 3378 1303 3430; baseline 0 -11"><span class='ocrx_word' id='word_1_893' title='bbox 118 3378 289 3427; x_wconf 78' lang='lat' dir='ltr'>justitiae,</span> <span class='ocrx_word' id='word_1_894' title='bbox 314 3378 375 3420; x_wconf 89' lang='lat' dir='ltr'>sed</span> <span class='ocrx_word' id='word_1_895' title='bbox 384 3379 429 3419; x_wconf 89' lang='lat' dir='ltr'>de</span> <span class='ocrx_word' id='word_1_896' title='bbox 438 3381 690 3430; x_wconf 87' lang='lat' dir='ltr'>malignitatis</span> <span class='ocrx_word' id='word_1_897' title='bbox 702 3379 841 3422; x_wconf 89' lang='lat' dir='ltr'>fomite</span> <span class='ocrx_word' id='word_1_898' title='bbox 854 3379 1056 3429; x_wconf 88' lang='lat' dir='ltr'>procedere</span> <span class='ocrx_word' id='word_1_899' title='bbox 1067 3383 1303 3425; x_wconf 72' lang='lat' dir='ltr'>viderentur,</span> 
     </span>
    </p>
   </div>
   <div class='ocr_carea' id='block_1_14' title="bbox 1958 3470 2092 3508">
    <p class='ocr_par' dir='ltr' id='par_1_15' title="bbox 1958 3470 2092 3508">
     <span class='ocr_line' id='line_1_80' title="bbox 1958 3470 2092 3508; baseline -0.007 0"><span class='ocrx_word' id='word_1_900' title='bbox 1958 3470 2092 3508; x_wconf 74' lang='lat' dir='ltr'><em>‘SUM-</em></span> 
     </span>
    </p>
   </div>
  </div>
 </body>
</html>
