2353 3652
592 148 677 204 De
699 150 834 206 Cler.
849 166 999 219 pugn.
1019 149 1074 204 in
1092 148 1226 204 duel.
1243 165 1286 202 c.
1302 149 1558 214 Henricus
1573 198 1585 210 .

1971 171 2058 219 ¹45

103 242 228 274 vendo.
250 240 416 277 Secundo,
437 239 704 282 quiaConcilium
716 238 937 273 utiturverbo,
959 249 1083 274 careat,
1120 248 1152 272 ut
1164 248 1407 279 promoveretur
1416 246 1451 275 ad
1463 243 1753 277 minoresOrdines
1766 264 1776 279 ,
1802 242 1835 277 sc
1847 251 1950 274 tamen
1965 251 2109 283 poterat,

104 285 190 322 quod
202 284 353 324 importat
364 285 536 314 carentiam
544 282 625 321 ejus,
646 282 729 321 quod
741 283 811 321 quis
819 280 927 317 haben
949 279 1084 313 Contra-

103 327 185 355 riam
197 333 300 356 tamen
311 325 492 357 sententiam
501 344 510 358 ,
533 332 567 353 ut
576 331 743 362 promotus
755 331 819 352 non
842 321 1086 360 comprehenda-

42 374 83 407 24
104 374 153 396 tur
164 367 195 397 in
208 365 360 399 Concilio
370 386 380 400 ,
396 366 555 397 veriorem
565 364 623 396 effe
634 365 776 402 putavit3
789 372 861 394 nam
871 372 932 393 tres
942 363 1009 394 sunt
1018 372 1084 403 gra-

102 408 161 437 dus
171 407 405 446 dispensationis
417 427 424 435 .
445 405 567 438 Primus
579 414 651 436 cum
667 404 852 444 dispensatur
862 407 894 435 in
903 406 1009 444 aliquo
1030 406 1084 435 ho-

105 449 239 479 micidio
256 449 453 481 voluntario,
478 455 510 476 ut
528 445 680 477 ministret
702 448 733 477 in
752 447 928 476 minoribus
950 445 1082 477 Ordini-

103 489 177 520 bus.
197 490 359 521 Secundus
376 498 447 519 cum
465 487 672 527 dispensatur,
695 496 728 518 ut
741 487 894 518 ministret
912 487 945 519 in
963 488 1086 527 maiori-

105 531 179 562 bus.
201 530 331 562 Tertius
349 539 419 560 cum
437 528 625 568 dispensatur
644 538 715 559 cum
725 538 781 563 eo,
805 529 859 568 qui
877 538 942 559 non
958 528 999 559 est
1019 538 1089 567 pro·

104 581 229 606 motus,
252 574 286 604 &
306 571 356 602 hic
367 570 405 601 est
415 571 569 600 maximus
585 571 698 609 gradus
714 569 965 610 dispensationis.
991 569 1089 602 Unde

105 624 172 645 non
182 613 222 643 est
233 610 606 646 dicendum,Concilium
616 611 748 650 loquens
757 613 794 642 de
805 611 864 641 hoc
875 621 970 641 tertio
980 612 1089 651 gradu,

104 657 157 694 qui
167 653 207 684 est
216 656 360 684 omnium
373 654 526 683 maximus
536 673 546 687 ‚
569 652 700 683 voluisse
711 651 761 683 sub
770 653 982 690 prohibitione
992 654 1090 684 inelu-

105 699 179 727 dere
194 697 308 734 gradus
326 696 484 728 minores,
506 693 672 732 praesertim
685 696 851 725 cuminter
870 703 1053 733 promotum
1073 713 1084 727 ,

106 739 138 769 &
151 738 404 776 promovendum
415 734 450 765 sit
467 739 605 766 maxima
614 737 696 767 ratio
711 735 920 772 diversitatis3
945 745 1016 766 nam
1027 737 1052 766 is
1074 757 1083 770 ,

104 780 157 818 qui
169 786 234 807 non
245 776 285 808 est
296 779 506 815 promotusad
519 778 638 811 sacros,
662 779 778 815 poterit
791 787 923 808 uxorem
941 779 1057 808 ducere
1078 796 1088 810 ‚

103 818 233 858 aliisque
251 818 343 848 rebus
362 817 391 848 se
410 819 571 850 addicere.
593 819 993 859 Atpromotusquidaget,
1016 826 1089 848 cum

108 870 167 891 nec
178 859 349 890 ministrare
361 859 451 899 poss'it
462 881 472 894 ,
495 869 552 892 nec
561 862 761 891 retrocedere
771 859 880 891 liceat?
891 858 1042 891 Praeterea
1053 860 1090 889 de

107 902 176 942 jure
193 904 358 932 communi
374 909 439 932 erat
460 903 487 932 ei
505 902 606 932 danda
623 901 828 940 dispensatio,
851 911 889 931 ne
908 902 1089 932 mendicare

103 951 288 981 cogeretur,
306 942 578 982 cap.2:aecler1'c.
596 951 724 982 pugn-m
733 941 813 972 duel.
829 941 1001 973 ubidicunt
1014 941 1087 972 DD.

105 983 281 1025 huiusmodi
299 983 560 1023 dispensationem
585 983 644 1014 esse
664 983 748 1024 quasi
770 984 925 1017 debitam,
947 982 967 1013 si
990 982 1092 1015 Cleri-

106 1035 162 1056 cus
179 1023 216 1055 fit
233 1025 444 1066 corrigibilis.
464 1023 656 1064 justinianus
679 1026 822 1056 eamdem
844 1024 1031 1063 opinionem
1054 1023 1094 1054 se·

104 1067 290 1106 quurusest,
314 1076 520 1105 utpromotus
530 1076 595 1097 non
609 1066 916 1105 compi·ehendatur;
940 1075 1012 1097 nam
1027 1075 1092 1096 ver-

105 1106 368 1141 baConciliinon
380 1108 503 1147 pofi'unt
520 1109 694 1139 convenire
704 1117 875 1148 promoto,
895 1108 957 1142 ibi,
975 1116 1092 1148 promo-

115 1151 187 1181 veri
198 1171 206 1184 ,
215 1149 258 1181 ibi
269 1146 419 1190 ,conferri
427 1172 434 1180 .

153 1189 397 1226 DiCtioautem,
411 1189 488 1229 sed,
510 1200 578 1231 quae
589 1190 798 1230 subsequitur,
820 1189 861 1222 est
873 1191 1093 1222 continuativa

105 1241 180 1264 cum
189 1232 337 1263 omnibus
352 1232 570 1272 qualitatihus,
593 1233 627 1265 &
639 1231 678 1262 sic
689 1232 784 1262 veiha
801 1231 958 1272 sequentia
981 1231 1097 1263 intelli·

104 1274 207 1313 genda
222 1271 290 1304 sunt
307 1283 434 1304 retento
452 1275 566 1304 eodem
582 1273 718 1304 themate
730 1275 769 1304 de
789 1275 1031 1312 promovend03
1055 1275 1086 1305 &

105 1323 180 1345 cum
198 1314 292 1345 verba
302 1325 367 1346 non
379 1314 515 1354 sintapta
533 1314 802 1354 comprehendere
820 1324 1020 1353 promotum,
1043 1324 1094 1344 ve-

105 1355 139 1386 re
148 1354 363 1387 multominus
374 1356 645 1395 comprehendunt
667 1365 849 1395 promotum
860 1366 897 1386 ex
917 1355 1093 1386 similitudi-

104 1407 163 1431 ne,
184 1398 257 1435 qnia
274 1396 397 1429 facilins
407 1397 567 1435 repellitur
583 1400 837 1436 promovendus,
859 1397 952 1438 quam
969 1398 1093 1437 dejicia-

106 1447 156 1469 tur
173 1447 339 1477 promotus
350 1460 357 1473 ,
378 1439 474 1471 Glosi‘.
485 1440 516 1470 in
527 1448 590 1478 cap.
603 1441 657 1470 Ex
667 1448 768 1471 tenore
778 1461 787 1470 .
808 1438 845 1470 de
855 1448 978 1480 tempor.
994 1440 1092 1471 ordin.

109 1479 248 1512 Covatr.
262 1482 297 1511 in
308 1491 337 1510 2.
348 1488 417 1519 par.
425 1481 529 1511 relefb.
541 1481 631 1512 Clem
646 1491 692 1512 nt.
711 1483 751 1512 Si
765 1478 917 1522 furiosus,
938 1482 974 1511 de
996 1479 1089 1511 homi·

102 1521 166 1553 cid.
173 1527 201 1558 ς.
212 1530 238 1561 3.
249 1532 329 1552 num.
337 1532 367 1560 4.
376 1521 569 1554 Ponderavit
579 1526 674 1554 etiam
686 1531 805 1554 textum
818 1524 850 1554 in
859 1531 922 1561 cap.
935 1524 961 1552 6.
973 1521 1031 1557 seff-
1045 1532 1093 1561 24.

102 1564 180 1595 dum
197 1562 215 1593 a
232 1562 380 1594 facultate
399 1564 513 1595 tributa
532 1563 692 1604 Episcopis
711 1563 903 1602 dispensandi
926 1567 957 1595 in
978 1563 1094 1595 casibus

103 1604 241 1635 occultis
250 1607 365 1643 excipit
378 1605 570 1637 homicidam
583 1606 815 1637 voluntarium:
837 1615 910 1637 nam
921 1605 941 1636 si
951 1615 988 1637 ex
998 1613 1094 1644 cap.7.

93 1645 162 1686 seff.
173 1655 220 1685 14.
230 1647 477 1678 effetdecretum
486 1668 495 1682 ‚
504 1656 537 1678 ut
548 1658 613 1679 non
623 1647 847 1687 dispensaretur
859 1648 956 1679 etiam
969 1657 1095 1687 promo-

109 1697 178 1722 tus,
201 1686 254 1718 illa
264 1691 410 1727 exceptio
420 1689 767 1721 effetdeindub'itabili.
789 1690 820 1721 ld
832 1691 926 1720 etiam
949 1698 1095 1729 compro-

108 1728 244 1760 bavitex
254 1729 452 1761 observantia
470 1730 665 1770 subsequuta,
689 1732 804 1771 quiain
822 1730 1064 1762 Poenitentiaria
1084 1751 1092 1764 ,

104 1772 182 1801 &in
193 1770 361 1810 Signatum
370 1772 491 1803 Gratiae
500 1772 607 1810 pamm
616 1773 771 1803 conceffae
781 1771 848 1802 sunt
866 1774 1022 1811 promotis
1043 1771 1096 1802 liu-

103 1811 237 1860 jusmodi
258 1812 517 1851 dispensationes:
540 1815 623 1854 quod
641 1813 661 1843 si
680 1813 765 1845 secus
789 1813 860 1845 esset
884 1834 893 1848 ‚
916 1814 1094 1855 sequeretur

115 1852 278 1883 absurdum
289 1865 299 1890 5
320 1864 393 1885 nam
405 1853 424 1884 fi
435 1854 646 1886 homicidium
656 1855 729 1886 esset
738 1858 781 1885 ita
789 1855 967 1890 occultum,
989 1864 1021 1886 ut
1033 1866 1097 1886 ma-

109 1892 324 1925 nifestarinon
336 1895 450 1934 posset,
473 1905 640 1935 cogeretur
664 1896 735 1927 talis
756 1906 921 1936 promotus
944 1896 1094 1928 abstinere

107 1944 182 1966 cum
201 1936 344 1974 periculo
366 1957 374 1970 ,
393 1946 426 1967 ut
448 1938 486 1968 de
508 1938 534 1968 se
547 1936 752 1977 suspicionem
775 1939 954 1969 induceret.
977 1938 1093 1977 Neque

104 1977 226 2012 obstat,
248 1979 332 2017 quod
346 1979 378 2008 in
395 1980 601 2017 cap-Miror,
625 1988 672 2017 50.
683 1977 786 2018 distin.
810 1980 873 2011 tam
897 1989 1064 2019 promotus
1083 1999 1093 2013 ν

102 2015 200 2057 quam
210 2020 448 2056 promovendus
457 2022 556 2051 arceri
569 2021 735 2051 videantur
745 2020 782 2050 ab
791 2019 898 2051 altaris
909 2020 1093 2055 ministerio,

104 2060 178 2098 quia
188 2058 375 2091 Concilium
386 2069 451 2091 non
473 2061 557 2092 tollit
569 2081 578 2094 ‚
599 2063 684 2100 quod
697 2070 761 2091 erat
772 2061 954 2100 dispositum
970 2063 1008 2092 de
1024 2063 1093 2103 jure

105 2100 227 2134 veteri,
251 2100 297 2131 sed
312 2100 385 2132 illud
397 2101 548 2142 relinquit
560 2103 593 2132 in
603 2104 749 2133 terminis
760 2123 769 2137 ,
779 2104 810 2132 in
820 2103 934 2143 quibus
942 2112 1008 2134 erat
1019 2111 1092 2133 ante

104 2140 316 2183 Concilium,
340 2143 508 2174 &tantum
519 2142 570 2174 sub
591 2152 676 2174 nova
694 2143 1091 2183 prohibitionenoninclu-

105 2184 177 2214 dit.
187 2181 244 2213 -De
256 2182 374 2215 Monte
387 2205 397 2219 ‚
418 2186 451 2216 &
460 2183 661 2216 Paravicinus
671 2186 755 2216 idem
765 2195 836 2217 cum
846 2186 1020 2226 Justiniano
1029 2186 1091 2217 sen—

105 2223 227 2266 ferunt.
249 2223 370 2256 Plattus
393 2226 657 2264 proclivioremse
669 2227 728 2257 esse
750 2228 829 2258 dixit
843 2238 874 2258 in
898 2229 1091 2258 contrariam

105 2265 311 2298 sententiam.
333 2265 458 2300 Primo,
484 2269 555 2307 quia
574 2266 726 2301 Cauones
745 2271 920 2309 antiquiaeq
929 2270 966 2299 ue
985 2268 1090 2307 prohi-

101 2306 393 2346 bentdispensariin
412 2318 581 2347 promoto,
607 2307 726 2340 ficutin
747 2311 991 2349 promovendo5
1013 2319 1090 2348 qna-

100 2356 231 2387 propter
239 2347 524 2389 concinnandum
537 2351 611 2389 iuris
620 2353 736 2382 veteris
747 2351 995 2390 prohibitionem
1007 2349 1089 2382 sorte

104 2398 172 2419 non
180 2389 373 2422 observatam
383 2393 538 2423 innovare
549 2392 651 2423 voluit
660 2413 670 2427 ,
681 2401 850 2433 utrumque
860 2392 1021 2424 includere
1034 2402 1089 2422 vo-

106 2429 197 2460 luiss'e
208 2432 400 2464 credendum
409 2433 449 2464 est
459 2455 466 2462 .
487 2430 635 2465 Secundo
646 2435 739 2473 ‚quia
748 2444 819 2464 cnm
830 2434 922 2464 verba
934 2434 965 2464 in
974 2434 1089 2472 princi-

103 2472 160 2511 pio
170 2469 228 2501 sim
236 2470 334 2510 posita
343 2482 396 2511 pei·
407 2475 537 2505 modum
549 2475 690 2509 rationis,
700 2484 737 2505 ex
748 2485 782 2505 ea
794 2476 885 2506 debet
895 2476 1020 2505 extendi
1033 2473 1091 2506 dis-

102 2510 238 2584 ῑοῧῐῐο,
260 2514 437 2549 ἀυτηιηοάὸ
454 2515 547 2546 verba
556 2514 771 2555 dispositionis
791 2515 927 2556 sintapta
949 2526 1090 2556 compre-

130 2555 245 2585 endere
255 2556 349 2585 etiam
361 2555 420 2587 late
430 2556 553 2596 sumpto
562 2557 718 2588 vocabulo
729 2580 736 2587 .
751 2558 889 2588 Verbum
899 2566 1002 2588 autem
1011 2579 1020 2593 ‚
1041 2567 1091 2592 ca,

103 2603 193 2630 reat,
215 2594 1003 2634 posituminConcilioincluditetiamhabentem.
1024 2607 1089 2640 cap.

104 2636 268 2672 Clericus,
288 2645 336 2676 50.
351 2635 484 2675 άιβιηὲῖ.
503 2639 690 2671 &ucetiam
709 2649 909 2680 promotum.
932 2639 1047 2671 Tertio
1071 2661 1080 2676 ‚

113 2679 188 2717 quia
205 2678 315 2709 ultima
327 2689 394 2717 pars
406 2680 480 2709 difi-
491 2690 554 2720 cap.
562 2691 588 2719 7,
600 2681 710 2721 absque
720 2682 817 2713 dubio
836 2682 976 2721 loquitur
993 2683 1089 2713 etiam

107 2721 145 2750 de
156 2729 323 2759 promoto:
347 2723 577 2759 ergo&pri0r,
600 2732 744 2754 eumuna
765 2733 833 2762 pars
856 2724 931 2763 legis
952 2722 1090 2754 declaret

108 2760 222 2791 aliam.
245 2763 294 2792 Ad
305 2765 568 2800 ponderationem
580 2766 777 2801 exceptionis
798 2765 904 2803 positae
915 2767 979 2796 inc.
993 2763 1089 2805 6.sess.

107 2811 158 2841 24.
170 2801 347 2840 respondit,
369 2805 428 2835 esse
438 2803 568 2843 positam
579 2805 615 2835 ad
627 2806 779 2845 majorem
790 2806 1090 2839 declarationem.ne

106 2843 280 2883 Episcopus
289 2843 341 2875 sibi
353 2846 622 2884 tributamputaret
631 2844 809 2877 facultatem
819 2846 1007 2885 dispensandi
1018 2858 1090 2880 cum

109 2884 273 2917 homicida
293 2886 475 2928 voluntario
493 2908 501 2915 .
522 2886 711 2919 Sandromm
733 2885 886 2930 Quattior
903 2889 1090 2921 existimavit

109 2934 298 2965 promotum
309 2938 374 2958 non
386 2928 629 2966 comprehendi3
652 2938 722 2958 nam
732 2930 847 2969 dejure
869 2933 1000 2970 antiquo
1023 2940 1089 2962 non

107 2975 174 2997 erat
185 2976 337 3013 promoto
346 2969 444 3000 ablata
457 2969 520 3008 spes
532 2969 788 3008 dispensationis,
813 2970 1007 3003 Hominis-in
1025 2981 1087 3010 cap.

104 3009 274 3042 Sicutsde
289 3008 398 3042 homic.
418 3011 467 3042 uhi
489 3011 619 3043 Cardin.
637 3012 675 3042 de
695 3013 860 3042 communi
878 3013 1001 3044 testatur
1024 3026 1032 3049 ·.
1055 3017 1089 3046 &

106 3049 262 3090 quiadum
273 3051 403 3084 Concil.
415 3053 555 3093 loquitur
569 3054 607 3083 de
618 3052 790 3086 beneficio,
815 3063 879 3084 non
903 3057 1042 3092 procedit
1054 3056 1086 3086 in

103 3092 170 3134 jam
182 3090 299 3123 collato
309 3114 319 3128 ‚
339 3096 422 3133 qnod
435 3105 499 3125 non
510 3103 599 3125 vacat
610 3115 619 3127 ,
643 3093 695 3124 nisi
707 3094 866 3125 homicida
876 3105 915 3125 co
925 3097 1064 3133 privetur
1081 3106 1089 3126 ε

108 3142 188 3171 crgo
199 3133 295 3165 etiam
307 3135 568 3176 cumdlsponitde
579 3135 783 3168 Ordinemon
794 3135 833 3166 est
843 3136 1083 3174 intelligendum

109 3174 220 3213 dejam
231 3174 366 3210 collato,
389 3186 492 3208 utuna
503 3187 570 3215 pars
594 3177 671 3214 legis
693 3177 866 3208 declaretur
888 3187 940 3216 per
963 3178 1057 3210 aliam
1081 3199 1088 3208 .

108 3214 184 3248 Nec
194 3214 291 3263 obsiat
300 3219 382 3248 ratio
390 3216 548 3253 Concilii,
571 3229 640 3258 quae
649 3220 744 3257 aptari
755 3220 878 3249 videtur
891 3229 953 3249 tam
964 3229 1090 3257 promo-

111 3265 147 3287 to
163 3277 172 3290 ‚
194 3264 288 3295 quam
309 3263 552 3295 promovendo,
578 3261 639 3294 ibi,
661 3257 699 3290 ab
718 3260 817 3290 altari
839 3260 934 3291 avelli
950 3258 1057 3292 debeat
1078 3273 1091 3297 ,-

111 3306 187 3329 nam
198 3306 269 3328 cum
282 3297 329 3329 lex
339 3299 479 3339 disponat
486 3303 526 3334 de
534 3303 658 3333 ratione
667 3321 677 3334 ,
698 3312 763 3332 non
774 3311 876 3333 autern
887 3304 968 3333 ratio
988 3303 1028 3333 de
1049 3301 1090 3334 le·

108 3348 166 3379 ge,
190 3347 255 3370 non
267 3338 309 3370 est
320 3342 507 3374 attendenda
525 3345 623 3375 ratio.
646 3342 828 3380 Burghefius
847 3346 942 3374 etiam
965 3344 1090 3382 opinio-

110 3390 186 3412 nem
199 3382 299 3411 tenuit
309 3383 487 3420 negativam
498 3405 506 3419 ‚
515 3386 589 3425 quia
597 3383 759 3415 difficilior
770 3384 811 3415 est
824 3384 1009 3421 dispensatio
1018 3395 1091 3417 cum

111 3423 345 3461 promovendo,
355 3424 449 3463 quam
457 3434 528 3456 cum
538 3435 689 3464 promoto
698 3447 707 3461 ,
718 3428 790 3467 quia
800 3426 967 3465 Episcopus
977 3427 1091 3467 dejure

108 3464 209 3495 veteri
221 3473 284 3495 non
297 3473 418 3502 poterat
434 3475 507 3496 cum
526 3466 686 3498 homicida
697 3468 879 3500 voluntario
887 3467 1060 3509 dispensare
1079 3489 1090 3504 ,

195 3505 443 3547 Prdp-Fagnan.
451 3508 484 3539 im
492 3509 531 3538 V.
540 3507 610 3540 Lib.
621 3510 770 3541 Decreial
778 3529 785 3539 .

43 1460 82 1491 25

1122 283 1197 313 utin
1207 280 1348 320 susceptis
1357 282 1532 316 Ordinibus
1543 286 1729 318 ministraret
1739 306 1747 314 .
1769 285 1840 318 Nec
1853 285 2047 320 obstarefiit,
2059 294 2108 316 ca-

1123 331 1224 355 nones
1234 325 1392 362 antiqUOSs
1404 325 1516 364 nempe
1527 336 1592 366 cap.
1602 326 1876 367 Mironcumseqq.
1888 336 1936 364 50.
1948 326 2015 364 dist.
2036 327 2108 364 quia

1126 365 1601 408 loquunturdeirregularitate,
1624 370 1737 400 nonde
1754 368 1997 407 dispensatione·
2021 367 2111 398 Blan-

1126 406 1247 437 chcttus
1257 406 1314 436 suit
1326 405 1457 446 ejusdem
1470 408 1643 440 sententiae.
1664 410 1778 441 Davila
1790 409 1976 442 existimavit
1987 429 1995 442 ,
2006 408 2110 448 quoad

1125 456 1308 487 promotum
1321 468 1329 481 ,
1339 446 1416 478 nihil
1428 447 1558 480 statuisse
1569 448 1772 485 Concilium,
1787 451 1833 483 sed
1845 451 2039 488 reliquissem
2051 458 2110 480 ter-

1127 489 1223 520 minis
1234 490 1435 528 antiquorum
1445 488 1637 525 Canonum,
1648 495 1720 530 quia
1734 495 1814 523 circa
1825 490 1976 524 beneficia
1986 500 2111 530 promo-

1127 538 1175 560 tus
1185 529 1389 573 dispensatur,
1410 540 1551 570 curergo
1563 542 1628 562 non
1645 533 1752 563 debeat
1765 534 2039 573 dispensariquoad
2049 531 2112 564 Or-

1126 570 1458 610 dinumlusceptortim
1469 574 1712 604 executionem?
1737 574 1835 605 Ratio
1848 584 1950 605 autem
1972 574 2105 605 diffide-

1128 614 1204 643 creti
1214 614 1245 643 in
1257 613 1385 643 materia
1397 614 1514 652 poenali
1527 624 1590 644 non
1603 614 1713 645 sufficit
1724 616 1758 645 ad
1771 616 1998 654 ampliandi-in.
2022 615 2115 647 Man·

1128 653 1332 687 tic-dixit‚lias
1340 654 1498 686 discordes
1510 655 1677 686 sententias
1688 656 1772 693 posse
1782 658 1992 688 distinctionis
2009 655 2113 697 sedete

1129 695 1312 731 conciliari5
1334 706 1405 726 nam
1417 697 1623 727 homicidium
1634 697 1674 726 eli
1685 696 1801 736 duplex
1815 718 1823 731 ,
1845 708 1942 728 unum
1955 708 1991 728 ex
2003 706 2117 737 propo·

1129 735 1206 771 sito,
1228 736 1312 768 aliud
1335 738 1366 768 in
1388 739 1473 768 rixa.
1495 738 1529 768 in
1553 740 1658 777 primo
1680 737 1748 768 casu
1773 740 1902 769 credidit
1925 739 2115 771 Concilium

1130 777 1397 817 comprehendere
1414 781 1509 810 etiam
1529 788 1731 818 promotum,
1751 778 1934 810 insecundo
1953 779 2083 810 minime
2108 803 2114 809 .

1129 819 1303 859 Arigonius
1314 819 1631 858 putavitConcilium
1645 820 1775 852 tantum
1793 820 1969 858 disposuisse
1989 823 2026 851 de
2048 831 2116 860 pro-

1130 862 1309 897 movend03
1332 871 1404 892 nani
1418 871 1489 893 cum
1498 871 1648 902 promoto
1658 860 1782 895 facilius
1795 861 2000 901 dispensatur,
2021 863 2116 902 quam

1131 911 1203 932 cum
1226 904 1466 941 promovendo,
1488 911 1550 942 cap.
1571 902 1624 940 fin.
1642 913 1687 941 qu.
1703 912 1728 934 ι.
1752 904 1801 934 ubi
1828 904 1857 934 id
1880 903 1971 940 gloss.
1995 911 2084 933 n0tat
2107 925 2115 933 .

1131 941 1293 976 Secundo,
1318 943 1615 984 quiasiConcilium
1635 945 1782 977 voluisset
1804 944 1966 975 includere
1989 953 2115 980 promo-

1132 993 1218 1018 tum,
1241 987 1326 1015 usum
1336 985 1487 1017 esse-taliis
1497 987 1616 1021 verbis,
1642 986 1714 1026 puta
1724 985 1924 1026 suspensionis
1936 988 1971 1016 ab
1982 985 2111 1017 Ordini-

1132 1026 1187 1057 bus
1208 1028 1269 1066 jam
1293 1025 1435 1065 susceptis
1451 1049 1459 1062 ‚
1480 1030 1748 1067 quemadmodum
1771 1027 1814 1058 usi
1838 1026 2117 1059 suntCanonesin

1131 1075 1194 1107 cap.
1221 1068 1276 1097 Ex
1299 1078 1418 1103 tenore,
1442 1077 1479 1101 (y
1500 1077 1563 1107 cup.
1584 1069 1634 1099 ἦη.
1658 1071 1695 1100 de
1718 1078 1840 1108 tempor·
1861 1069 1960 1099 ordin.
1983 1067 2118 1103 Tettlbs

1132 1107 1324 1149 quiaabsque
1344 1119 1402 1143 eo,
1424 1110 1508 1150 quod
1519 1109 1706 1142 Concilium
1727 1111 1972 1150 comprehendat
1994 1119 2120 1148 promo-

1133 1159 1219 1185 tum,
1241 1149 1310 1180 satis
1322 1160 1512 1189 operaturin
1524 1156 1764 1191 promovendo,
1788 1154 1818 1183 in
1832 1163 1894 1191 quo
1914 1151 2028 1182 sustulit
2052 1160 2119 1181 om-

1133 1201 1187 1222 nes
1204 1192 1280 1230 juris
1298 1193 1420 1231 antiqui
1439 1191 1680 1232 disputatione53
1709 1204 1780 1224 uam
1806 1193 1941 1225 Covarr.
1962 1195 1995 1222 in
2018 1191 2121 1224 Clem-

1132 1235 1170 1264 Si
1188 1231 1321 1271 furiosus
1337 1253 1346 1267 ‚
1369 1235 1394 1268 ᾖ.
1413 1241 1439 1271 3.
1462 1244 1543 1264 num.
1563 1237 1591 1265 6.
1612 1235 1649 1264 de
1671 1233 1813 1265 homicid.
1836 1234 1928 1265 refert
1950 1234 2052 1274 plures
2074 1243 2117 1265 te-

1132 1283 1246 1305 nentes
1257 1272 1443 1313 Episcopum
1455 1275 1540 1312 posse
1549 1275 1721 1313 dispensare
1734 1278 1769 1307 ad
1780 1277 1918 1306 minores
1928 1297 1936 1309 ,
1960 1285 2053 1316 quam
2064 1274 2122 1305 dis-

1132 1313 1525 1354 putationemConcilium
1544 1317 1676 1350 sustulit,
1701 1316 1937 1350 ficut&illam,
1964 1327 2002 1348 an
2028 1315 2121 1355 possit·

1130 1357 1301 1396 Episcopus
1322 1357 1493 1395 dispensare
1516 1368 1587 1390 cum
1601 1358 1758 1389 homicida
1779 1358 1911 1390 occulto
1931 1379 1941 1392 ,
1963 1359 1996 1390 δε
2020 1357 2121 1396 plures

1131 1399 1203 1430 alias
1216 1397 1502 1443 ssmiles-Quat·th
1509 1402 1557 1431 uia
1567 1411 1636 1430 non¹
1648 1399 1689 1430 est
1699 1401 1828 1431 dubium
1839 1420 1848 1434 ‚
1859 1398 2044 1432 Concilium
2057 1408 2122 1430 non

1132 1439 1398 1479 cumprehendere
1409 1440 1632 1482 beneficiajam
1649 1442 1780 1473 obtenta
1791 1450 1863 1472 ante
1882 1441 2092 1472 homicidium
2113 1460 2123 1475 ‚

1131 1482 1280 1513 &tamen
1291 1479 1311 1511 fi
1322 1482 1601 1516 comprehenderet
1612 1493 1811 1522 promotum,
1824 1483 1999 1514 includeret
2010 1484 2119 1522 utique

1132 1524 1229 1555 etiarn
1248 1523 1604 1563 hujusmodibeneficia.
1626 1524 1705 1556 Non
1717 1524 1928 1556 obstattextus
1943 1525 1978 1556 in
2000 1522 2123 1563 cap-sin.

1131 1568 1167 1596 de
1177 1574 1300 1605 tempor.
1311 1566 1411 1595 ordin.
1428 1566 1462 1597 &
1474 1566 1525 1596 alii
1536 1565 1649 1598 similes
1662 1566 1814 1599 Canones
1827 1576 1956 1607 agentes
1981 1573 2122 1598 commu-

1132 1608 1214 1639 niter
1223 1609 1262 1638 de
1273 1616 1442 1646 promoto,
1465 1609 1502 1640 «Se
1521 1610 1760 1646 promovendo,
1783 1618 1855 1649 quia
1868 1610 1900 1640 in
1918 1610 1962 1641 eis
1975 1617 2040 1640 non
2061 1608 2124 1648 agi-

1133 1648 1464 1688 turdedispeniluione
1480 1671 1489 1684 ‚
1510 1649 1556 1680 sed
1570 1661 1606 1681 an
1619 1650 1741 1690 peracti
1764 1652 1955 1691 poenitentia
1974 1647 2124 1681 ministra-

1133 1701 1164 1722 re
1181 1690 1271 1729 poffis
1289 1692 1351 1722 tam
1372 1701 1537 1730 promotus
1557 1714 1566 1728 ,
1591 1691 1683 1734 quam
1703 1695 1939 1734 promovendus
1960 1714 1968 1722 ·
1991 1691 2124 1725 viscon-

1132 1735 1192 1766 tius
1215 1734 1298 1764 idem
1323 1732 1428 1763 sensit.
1452 1734 1602 1766 Dossatns
1625 1735 1944 1769 censuitConcilium
1955 1734 2067 1766 habere
2079 1732 2125 1766 lo·

1133 1784 1205 1805 cum
1215 1776 1352 1806 etiamin
1363 1784 1515 1814 promoto
1526 1797 1534 1810 ‚
1558 1785 1624 1806 tum
1635 1787 1762 1816 propter
1771 1778 2009 1818 generalitatem
2019 1783 2124 1816 prooe-

1134 1817 1206 1851 mii,
1229 1825 1296 1847 tuni
1321 1826 1448 1856 propter
1471 1816 1565 1848 finem
1588 1817 1733 1850 Concilii
1749 1840 1758 1854 ‚
1781 1821 1864 1859 quod
1878 1819 1979 1850 voluit
2001 1821 2110 1849 omnia

1132 1858 1165 1890 in
1176 1856 1483 1894 meliusresormare3
1510 1861 1668 1899 quodnon
1682 1859 1822 1895 secisset,
1845 1860 2045 1900 sipi-omotos
2056 1869 2125 1890 non

1134 1898 1443 1938 comprehendisset,
1465 1903 1733 1940 quemadmodum
1745 1901 1817 1933 illos
1835 1901 2121 1941 comprehendebat

1130 1941 1176 1981 jus
1199 1942 1382 1981 antiquum,
1407 1951 1439 1972 ut
1457 1942 1586 1973 habetur
1608 1944 1640 1973 in
1651 1953 1714 1982 cap.
1734 1946 1862 1977 Miror,
1888 1951 1936 1982 50.
1958 1941 2064 1981 distin.
2087 1941 2123 1975 ὠ·

1130 1980 1340 2022 incula-finde
1350 1991 1472 2023 tempor.
1481 1986 1582 2014 ordin.
1602 1984 1633 2013 in
1648 1984 1760 2024 quibus
1775 2005 1784 2019 ,
1805 1985 1977 2026 etfiwagatur
1992 1986 2029 2016 de
2049 1986 2123 2016 irre-

1129 2023 1307 2063 gularitate,
1318 2034 1384 2054 non
1393 2027 1432 2054 de
1441 2024 1680 2063 dispensatione‚·
1692 2035 1797 2057 tamen
1808 2029 1903 2059 etiam
1912 2028 1949 2057 de
1958 2028 2024 2067 jure
2035 2035 2122 2057 eom-

1133 2064 1423 2096 munihoniicidam
1433 2065 1667 2100 voluntarium,
1691 2069 2043 2107 quamvispromotum,
2056 2078 2121 2099 nou

1128 2105 1241 2136 debere
1250 2106 1432 2145 dispensari,
1444 2106 1547 2138 scribit
1558 2107 1714 2139 Hostiens.
1725 2112 1758 2139 in
1768 2112 1886 2140 Summ.
1896 2112 1947 2140 tit.
1958 2109 1993 2140 de
2005 2108 2115 2140 homae.

1128 2147 1153 2182 §.
1171 2145 1482 2188 simTumdenique,
1504 2150 1577 2188 quia
1587 2159 1752 2188 promotus
1774 2151 2059 2192 magisdelinqait,
2081 2152 2116 2183 δε

1128 2188 1292 2227 propterea
1303 2188 1402 2228 magis
1410 2189 1502 2220 debet
1514 2190 1654 2222 excludi.
1676 2191 1782 2224 Sancti
1795 2192 1954 2228 Marcelli,
1965 2194 2010 2224 ait
2022 2192 2050 2224 se
2061 2193 2117 2224 ali-

1127 2230 1253 2270 quando
1264 2230 1360 2260 aliter.
1376 2230 1496 2262 sensisse
1510 2252 1519 2266 ,
1540 2231 1586 2263 sed
1611 2234 1726 2265 auditis
1749 2233 1945 2275 singulorum
1957 2233 2121 2266 sententiis

1127 2270 1302 2302 existimare
1311 2271 1496 2305 Concilium
1508 2284 1572 2304 non
1584 2274 1745 2306 includere
1754 2277 1816 2314 jam
1827 2285 2012 2316 promotum
2021 2276 2061 2307 ob
2070 2277 2122 2307 ad-

1126 2312 1237 2344 dut‘hs
1249 2314 1515 2355 ratioiie8,quibu·s
1526 2317 1660 2350 addidit,
1669 2318 1753 2356 quod
1764 2317 1848 2350 Mar.
1857 2318 1969 2350 Socin.
1984 2319 2015 2349 in
2026 2328 2051 2349 c.
2061 2316 2120 2349 Ad

1127 2355 1320 2399 audientiam
1333 2355 1385 2388 ,de
1396 2355 1503 2387 homic.
1513 2358 1602 2392 ait,in
1616 2361 1840 2397 promovendo
1853 2353 2069 2391 difficiliorem
2080 2359 2122 2390 es-

1126 2395 1154 2426 se
1165 2396 1442 2432 dispensationem.

1167 2436 1198 2468 S.
1210 2436 1242 2467 D
1260 2437 1304 2469 N.
1318 2439 1463 2476 probavit
1477 2438 1558 2471 hanc
1571 2441 1760 2478 opinionem
1771 2462 1781 2476 ‚
1803 2451 1837 2474 ut
1849 2441 2038 2475 Concilium
2049 2450 2120 2481 pro-

1128 2486 1251 2508 m0tum
1265 2488 1329 2509 non
1340 2480 1495 2510 includat.

1166 2518 1341 2550 Porrohaec
1368 2521 1584 2559 disputatioco
1603 2522 1728 2553 taiitt'im
1751 2523 1814 2554 fine
1833 2524 1991 2564 proposita
2003 2524 2064 2559 est,
2085 2532 2119 2555 ut

1127 2569 1270 2599 appareat
1282 2560 1466 2592 Romanum
1477 2561 1672 2595 Pontificem
1686 2574 1750 2594 non
1765 2564 1867 2597 facere
1877 2575 1988 2598 contra
2001 2565 2121 2599 Conci-

1127 2601 1204 2632 lium
1214 2623 1222 2638 ,
1246 2611 1318 2633 cum
1329 2602 1477 2640 dispensat
1488 2603 1573 2642 super
1589 2605 1818 2643 irregularitate
1831 2617 1866 2638 ex
1879 2607 2055 2639 homicidio
2065 2617 2120 2638 vo—

1127 2643 1269 2673 luntario
1282 2652 1354 2673 cum
1372 2654 1432 2681 iam
1451 2646 1607 2683 promotis
1618 2647 1653 2677 ad
1667 2645 1768 2678 sacros
1789 2647 1950 2684 Ordines,
1972 2652 2047 2690 quia
2066 2649 2117 2680 hic

1127 2683 1250 2716 casusin
1262 2684 1543 2729 decretoConctlii
1555 2688 1824 2724 nonincluditur,
1846 2699 1880 2721 ut
1890 2689 1931 2721 est
1949 2690 2086 2722 decisum
2110 2701 2120 2727 ;

1128 2736 1194 2756 non
1206 2726 1563 2767 autemtuitproposita‚
1585 2738 1617 2758 ut
1632 2730 1705 2760 inde
1725 2731 1934 2769 cognoscatur
1948 2753 1957 2767 ,
1978 2743 2016 2763 an
2035 2731 2116 2770 Papa

1126 2766 1218 2806 possit
1240 2787 1257 2813 ‚.
1271 2767 1320 2799 vel
1344 2778 1412 2799 non
1434 2768 1526 2808 poffit
1549 2769 1722 2809 dispensare
1744 2784 1752 2809 3
1775 2775 1927 2812 quoniam
1948 2775 2113 2804 decretum

1127 2808 1272 2856 Concilii
1286 2820 1343 2840 nee
1354 2809 1455 2841 voluit
1473 2832 1481 2844 ‚
1502 2821 1560 2843 nec
1572 2813 1673 2850 potuit
1690 2815 1783 2844 etiam
1797 2817 1899 2854 quoad
1923 2823 2114 2852 promoven-

1127 2852 1185 2881 dos
1195 2851 1334 2882 adimere
1345 2850 1433 2891 Papa:
1453 2852 1643 2892 dispensandi
1663 2853 1867 2892 potestatem,
1890 2865 1921 2886 ut
1946 2855 1986 2886 est
2010 2863 2117 2885 textus

1126 2891 1269 2923 formalis
1291 2903 1325 2922 in
1335 2902 1405 2932 cap.
1417 2894 1575 2930 lnnozuie,
1597 2896 1727 2926 deeleff.
1741 2895 1821 2936 vers.
1838 2897 1996 2939 Quamvis
2012 2904 2114 2927 autem

1125 2943 1242 2968 canon,
1267 2935 1371 2965 &dixi
1386 2934 1529 2966 latissime
1541 2939 1573 2966 in
1583 2935 1862 2974 cap-Significalh,
1883 2936 1945 2968 eod.
1968 2939 2018 2968 tit.
2038 2937 2112 2968 cum

1126 2974 1292 3016 praesertim
1316 2977 1400 3007 idem
1421 2975 1608 3007 Concilium
1630 2976 1718 3016 Papa·
1735 2977 2108 3017 aristoriiaremexpresse

1126 3015 1469 3056 praeservaveritincap.
1484 3016 1598 3055 ²¹·seff·
1612 3027 1659 3056 25·
1677 3019 1714 3049 de
1725 3015 1846 3058 reform.
1864 3022 1906 3050 ita
1928 3029 1959 3049 ut
1985 3029 2110 3060 propte-

1126 3057 1194 3092 rea,
1217 3067 1249 3089 ut
1268 3059 1373 3089 verbis
1395 3058 1477 3089 Baldi
1497 3061 1606 3090 utarin
1622 3067 1686 3099 cap.
1709 3060 1787 3097 Nisi
1807 3071 1874 3091 cum
1894 3060 2034 3100 pridem,
2055 3073 2103 3092 nu.

1127 3109 1174 3139 14.
1185 3098 1221 3130 de
1233 3097 1438 3132 renuncsticer
1457 3097 1643 3130 Concilium
1660 3101 1799 3132 ostendat
1821 3100 1908 3141 Pap:e
1929 3104 2003 3142 quid
2026 3103 2110 3135 sace-

1125 3151 1158 3172 re
1177 3141 1307 3174 debeat,
1332 3151 1396 3171 non
1421 3149 1526 3171 tamen
1539 3141 1678 3172 ostendat
1691 3143 1765 3180 quid
1785 3141 1886 3174 facere
1898 3143 1988 3181 possit
2001 3167 2009 3181 ,
2031 3147 2106 3186 quia

1126 3183 1257 3221 potestas
1268 3181 1405 3212 clavium
1415 3180 1455 3210 est
1466 3182 1533 3211 talis
1545 3202 1554 3214 ,
1578 3185 1611 3214 δε
1623 3191 1726 3217 tanta,
1749 3193 1857 3216 utnon
1869 3187 2109 3226 recipiatinter-

1125 3225 1334 3262 pretationem
1347 3221 1551 3253 restric'ltivam
1564 3243 1570 3249 -

1165 3265 1224 3297 Sed
1257 3273 1367 3293 contra
1397 3263 1457 3293 hoc
1487 3265 1582 3303 objici
1625 3266 1722 3303 potest
1764 3287 1774 3302 ‚
1817 3268 1897 3299 hanc
1932 3269 2112 3310 disputatio-
2136 3291 2148 3303 2

1125 3315 1199 3337 nem
1221 3304 1367 3336 inutilem
1391 3304 1450 3334 effe
1491 3324 1501 3339 ‚
1564 3307 1639 3345 quia
1670 3305 1749 3345 Papa
1772 3309 1943 3348 dispensare
1970 3322 2036 3344 non
2057 3323 2111 3353 po·
2135 3291 2174 3321 “7

1126 3345 1182 3378 test
1217 3346 1319 3386 quoad
1341 3344 1483 3376 Ordines
1512 3355 1584 3377 cum
1616 3347 1772 3380 homicida
1800 3352 1982 3384 voluntario
2023 3349 2048 3390 ‚'
2076 3365 2110 3391 ut

1126 3396 1212 3419 tenet
1231 3386 1327 3425 glossa
1349 3394 1461 3422 magna
1481 3387 1515 3418 in
1536 3396 1600 3427 cap.
1621 3390 1712 3419 Sicut
1734 3390 1857 3428 dignum
1879 3415 1888 3428 ‚
1920 3404 1956 3424 ae
1978 3392 2108 3427 homici-

1124 3429 1176 3460 dio
1193 3450 1203 3464 ,
1231 3429 1264 3459 &
1290 3426 1446 3465 Speculat.
1468 3428 1501 3458 in
1522 3431 1573 3459 tit.
1593 3428 1632 3461 de
1652 3430 1818 3472 dispensat.
1842 3436 1866 3471 §.
1889 3437 1987 3468 Nunc
2008 3435 2108 3469 brevi-

1125 3479 1173 3502 ter
1196 3491 1203 3499 .
1244 3468 1331 3503 Nam
1359 3479 1476 3500 numer.
1500 3479 1529 3502 a.
1557 3469 1662 3512 verfic.
1693 3474 1767 3505 Hir
1796 3487 1897 3509 nutem
1909 3479 1987 3518 sune
2010 3501 2018 3513 ,
2062 3487 2107 3508 re-

1758 3516 1788 3549 K
1997 3531 2067 3553 cen-

2143 2531 2182 2561 26
