2353 3652
741 122 824 177 De
838 119 1018 176 Poenit.
1034 117 1305 176 &Remiffi
1319 135 1360 173 c.
1375 119 1589 175 Omnis.
2008 138 2102 184 307

277 253 393 310 DE
426 252 1090 308 POENITENTIIS
1133 252 1245 307 ET
1283 244 2014 307 REMISSIONIBUS.

626 381 736 439 Idem
761 382 1020 430 Innocentius
1047 379 1142 430 ΙΙΙ.
1170 385 1213 428 in
1240 379 1418 431 Concilio
1440 380 1630 429 Generali
1649 416 1661 428 .

742 506 1270 567 CAPUT
1412 505 1559 560 XII.

252 650 318 689 Mn
326 650 354 688 is
371 645 561 694 utriusque
573 643 675 684 sexus
687 642 820 688 fidelis,
832 641 1025 693 postquam
1040 643 1086 680 ad
1096 657 1212 682 annos
1226 639 1454 681 discretionis
1467 640 1688 685 pervenerit,
1698 639 1827 675 onmia
1839 635 1899 675 sua
1911 634 2008 675 solus
2019 647 2148 682 pecca-

151 654 236 735 O
263 711 299 736 ta
310 695 438 735 saltem
454 694 565 733 semel
581 698 614 732 in
626 702 726 732 aimo
739 690 898 730 fideliter
909 688 1134 729 confiteatur
1150 704 1304 737 proprio
1318 687 1568 729 Sacerdoti&
1586 687 1791 729 iniuncstam
1806 683 1867 738 sibi
1884 687 2150 730 poenitentiam

152 749 307 792 propriis
323 745 458 783 viribus
471 742 609 782 studeat
621 736 1037 787 adimplere3suscipiens
1051 752 1262 778 reverenter
1271 738 1317 776 ad
1328 736 1453 776 minus
1465 739 1501 775 in
1514 733 1656 774 Pascha
1672 733 1914 772 Eucharistiae
1929 732 2151 770 Sacramen-

150 806 229 832 tum
245 793 329 832 :nxfi
344 794 444 831 sorte
455 792 498 830 de
509 793 646 838 proprii
662 788 876 828 Sacerdotis
885 785 1056 832 consilio,
1067 786 1117 826 ob
1126 787 1291 837 aliquam
1304 784 1567 824 rationabilem
1580 780 1746 823 causam,
1760 780 1806 819 ad
1820 792 1964 824 teinpus
1976 779 2023 818 ab
2035 776 2155 823 hujus-

146 842 248 881 modi
262 844 497 887 perceptione
516 839 663 877 duxerit
676 835 953 876 abstinendum:
979 835 1198 884 alioquin&
1218 838 1344 873 vivens
1355 833 1402 873 ab
1428 831 1581 881 ingressu
1605 830 1774 868 Ecclefiae
1783 840 1954 881 arceatur
1969 851 1980 870 ,
2008 828 2045 864 δε
2073 841 2154 864 mo-

148 892 244 928 riens
257 889 473 929 Christiana
486 900 612 926 careat
625 885 809 933 sepultura
821 915 829 924 .
843 883 952 922 Unde
963 883 1038 922 hoc
1051 882 1209 922 salutare
1221 883 1397 921 statutum
1411 880 1670 930 frequenterin
1682 877 1852 917 Ecclelus
1865 874 2089 921 publicetur:
2103 889 2161 913 ne·

151 938 344 988 quisquam
361 939 753 985 ignorantiaecaecitate
763 932 820 971 vel
830 946 939 971 amen
955 930 1200 970 excusationis
1212 929 1380 971 assumat·
1392 930 1430 968 Si
1444 933 1525 980 quis
1538 940 1665 968 autem
1677 927 1802 965 alieno
1818 922 2010 979 Sacerdoti
2029 923 2156 960 volue-

154 991 202 1025 rit
216 986 305 1031 justa
317 985 360 1025 de
370 984 477 1024 causa
491 993 518 1029 ,⁴
531 982 593 1021 sua
604 980 775 1021 confiteri
786 993 939 1027 peccata
956 1005 969 1025 ,
997 980 1187 1019 licentiam
1202 979 1302 1027 prius
1315 978 1473 1026 postulet
1486 977 1524 1015 &
1535 977 1707 1015 obtineat
1721 974 1740 1014 a
1753 985 1906 1021 proprio
1916 969 2116 1010 Sacerdote
2144 987 2153 1007 2

153 1034 238 1075 cum
255 1033 365 1073 aliter
376 1030 446 1079 ipse
460 1031 565 1070 illum
583 1045 654 1068 non
671 1028 773 1076 poffit
781 1026 972 1066 absolvere
985 1029 1039 1066 vel
1054 1030 1124 1076 liga
1132 1042 1168 1066 re
1181 1056 1190 1064 .
1202 1027 1383 1068 Sacerdos
1394 1039 1521 1066 autem
1536 1025 1577 1064 fit
1590 1022 1783 1069 discretus,
1796 1023 1835 1059 &
1848 1033 2037 1060 cautusmt
2052 1032 2158 1073 more

149 1087 259 1131 periti
271 1081 408 1121 medici
419 1077 697 1126 superinfundat
713 1080 840 1114 vinum
864 1077 902 1113 δέ
925 1078 1051 1115 oleum
1067 1076 1279 1114 vulneribus
1293 1072 1446 1113 sauciati
1460 1093 1470 1119 3
1490 1074 1689 1121 diligenter
1701 1074 1887 1124 inquirens
1902 1069 1938 1106 &
1952 1080 2159 1113 peccatoris

148 1130 443 1170 circumstantias
456 1129 494 1165 &
507 1124 798 1174 peccati:quibus
813 1125 1010 1170 prudenter
1025 1123 1345 1171 intelligat5quale
1356 1123 1488 1161 debeat
1501 1125 1534 1160 ei
1549 1120 1707 1167 praebere
1719 1118 2032 1158 conluuilmmq&
2045 1114 2161 1159 cujus-

148 1178 250 1218 modi
268 1176 472 1216 remedium
487 1174 681 1218 adhibere,
691 1171 836 1212 diversis
848 1175 1114 1218 experimentis
1125 1171 1264 1210 utendo
1278 1171 1323 1209 ad
1336 1169 1548 1209 salvandum
1563 1180 1741 1216 aegrotum
1754 1199 1762 1207 .
1776 1167 1925 1216 Caveat
1938 1178 2064 1203 autem
2079 1177 2162 1218 0:117

150 1226 242 1266 nino
256 1251 269 1267 ,
297 1240 341 1263 ne
354 1224 466 1262 verbo
479 1235 543 1262 aut
557 1221 658 1269 figno
678 1234 742 1260 aut
752 1220 972 1306 alioclmovis
984 1220 1098 1259 modo
1116 1218 1352 1268 aliquatenus
1377 1217 1511 1266 prodat
1521 1228 1756 1264 peccatorem
1770 1232 1778 1252 :
1805 1213 1863 1252 led
1882 1212 1906 1251 fi
1926 1212 2160 1260 prudentiori

149 1273 305 1314 consilio
318 1272 515 1319 indiguerit
526 1296 540 1316 a
567 1270 660 1309 illud
672 1267 806 1318 absque
818 1282 839 1306 u
861 1268 895 1308 la
905 1267 1130 1316 expressione
1142 1266 1301 1315 personae
1311 1291 1324 1308 s
1353 1266 1464 1305 caute
1478 1268 1666 1321 requirat:
1693 1266 1830 1312 quonia
1839 1275 1873 1298 m
1885 1264 1949 1299 oui
1967 1273 2163 1304 peccarim

149 1327 186 1362 in
200 1320 451 1369 poeni'tentiali·
466 1314 603 1363 iudicio
616 1317 679 1357 fibi
694 1318 883 1361 detectum
904 1314 1168 1364 praesumpserit
1184 1316 1347 1354 revelare
1360 1339 1374 1360 3
1399 1329 1475 1352 non
1491 1312 1608 1352 solnm
1626 1325 1647 1351 a
1666 1301 2033 1350 Sacerdotalsofficio
2053 1309 2164 1355 depo-

148 1371 308 1410 nendum
321 1369 577 1414 decernimus,
605 1367 732 1406 verum
753 1378 869 1406 etiam
891 1365 940 1406 ad
952 1366 1131 1414 agendam
1146 1377 1360 1413 perpetuam
1385 1365 1650 1411 poenitentiam
1674 1363 1709 1398 in
1723 1360 1872 1399 arc‘tum
1897 1357 2164 1397 monasterium

148 1418 414 1459 detrudendum
428 1447 436 1458 .

311 1548 964 1585 SUMMARIUM·

185 1645 204 1667 ‘1
299 1632 430 1675 Orfiteri
431 1633 706 1675 sacramentaliter
708 1631 803 1672 semel
812 1633 845 1662 in
856 1641 937 1663 anno
945 1653 955 1667 ‚
973 1641 1005 1663 ut
1014 1635 1080 1671 quis
1090 1640 1131 1664 te-

229 1642 290 1709 C
311 1685 420 1707 neatur
431 1696 441 1711 ‚
451 1686 509 1714 quae
517 1673 725 1715 requtfitasint
735 1674 898 1714 neceffaria
907 1695 917 1704 .

189 1729 206 1748 2.
229 1717 402 1756 Baptismus
409 1717 447 1757 est
452 1718 550 1756 janua
561 1737 571 1752 ,
593 1715 870 1758 &fundamentum
879 1718 1013 1747 omnium
1023 1718 1140 1747 Sacra-

272 1769 440 1789 meneorum
451 1782 459 1790 .

193 1811 208 1842 3
231 1801 259 1831 E
262 1798 364 1836 cclefia
374 1801 407 1830 in
420 1801 568 1831 neminem
579 1798 730 1840 judicium
741 1801 929 1837 exercet‚qui
938 1808 996 1831 non
1003 1796 1090 1840 prius
1101 1800 1134 1831 in

274 1841 367 1882 ipsam
374 1849 426 1880 per
438 1842 590 1881 Baptismi
597 1842 725 1880 januam
730 1839 826 1881 fuerit
835 1841 975 1882 ingreffus
987 1864 994 1872 .

193 1893 212 1924 4
235 1884 423 1915 Paenitentia
445 1893 518 1914 ante
538 1884 706 1914 adventum
727 1880 845 1920 Christi
866 1892 925 1913 non
948 1887 1136 1917 eratSacra-

276 1933 408 1954 mentum
417 1945 426 1958 ,
448 1932 502 1955 nec
513 1922 550 1964 ιβ
558 1923 616 1964 post
627 1924 799 1955 adventum
813 1923 905 1954 'illius
914 1926 1055 1963 cuiquam
1063 1934 1137 1956 ante

277 1965 466 2006 Baptismum
478 1987 485 1995 .

197 2016 213 2048 5
236 2006 346 2048 Infans
355 2028 364 2042 ‚
364 2005 496 2048 furiosos
503 2028 512 2042 ,
533 2006 587 2038 vel
597 2013 799 2045 memet-aptus
809 2017 867 2038 non
876 2004 988 2039 habens
995 2006 1135 2039 dilucida

277 2048 446 2080 intervalla
459 2059 532 2084 ,non
542 2048 682 2085 ligantur
688 2046 742 2079 hoc
750 2048 847 2078 edific
858 2070 866 2078 .

192 2091 211 2120 6
233 2091 394 2122 Peccatum
404 2090 552 2128 originale
569 2098 622 2128 per
643 2089 831 2129 Baptismum
853 2088 970 2120 deletur
990 2092 1022 2122 in
1031 2089 1134 2130 infan-

270 2128 351 2204 at'bus
359 2131 534 2171 indistinlie‘
544 2151 554 2166 ,
574 2134 610 2161 in
629 2131 746 2162 adultis
763 2138 816 2169 per
835 2134 1050 2164 contritionem
1071 2142 1132 2163 cor-

295 2184 320 2203 ts
336 2196 342 2204 .

190 2224 211 2255 7
232 2216 420 2248 Poenitmnae
428 2217 454 2247 S
457 2222 667 2246 .tcrameutum
676 2213 793 2245 dicitur
793 2213 929 2254 secunda
936 2212 999 2256 post
1008 2213 1135 2256 naufra-

270 2259 352 2295 gium
361 2257 626 2297 deperditaegratiae
634 2252 743 2287 tabula
754 2275 763 2284 .
967 2277 970 2281 .

188 2300 209 2331 8
231 2301 392 2332 Peccatum
403 2309 442 2329 an
450 2305 582 2337 oporteat
591 2298 640 2339 effe
649 2296 775 2328 mortale
784 2297 825 2329 ad
834 2295 934 2333 hoc,ut
943 2298 1136 2329 Poenieentiae

272 2343 513 2421 {aeramentum
525 2338 567 2379 fit
585 2341 628 2371 ad
642 2339 777 2379 salutem
796 2339 990 2381 neceffarium
999 2359 1007 2374 ‚
1030 2341 1066 2372 c?
1085 2349 1135 2369 nu.

292 2391 354 2419 eqq.

199 2434 217 2459 9
240 2425 369 2454 Peccata
391 2421 534 2452 venialia
545 2419 672 2452 tantum
691 2418 805 2452 habens
813 2442 821 2454 ,
844 2432 902 2451 non
911 2429 1031 2452 tenetur
1051 2419 1138 2461 eonfi-

279 2465 339 2495 teri
347 2464 412 2502 jure
428 2461 538 2494 divino
558 2466 601 2495 ad
608 2460 809 2498 obtinendam
827 2461 1050 2504 justificationis
1067 2471 1137 2500 gra-

276 2513 355 2536 tiam
363 2527 371 2535 .

177 2557 214 2579 ιο
235 2544 407 2587 lustificaeio
418 2545 490 2584 quid
490 2543 531 2586 fit
540 2567 548 2575 .

175 2599 186 2621 1
197 2598 209 2619 1
235 2590 365 2620 Peccata
373 2587 511 2618 venialia
521 2584 651 2624 a'grats‘a
661 2589 725 2619 Dei
732 2598 790 2618 non
799 2587 967 2620 excludunt
978 2610 985 2617 .

179 2640 189 2662 1
201 2640 224 2660 z-
239 2632 283 2662 Ee
291 2631 432 2667 quamvis
441 2629 561 2659 utiliter
572 2632 605 2659 in
613 2627 782 2669 confeffione
791 2629 935 2659 dicantur
945 2651 955 2664 ,
976 2638 1078 2660 tamen
1087 2629 1128 2661 ci-

279 2681 329 2701 tra
339 2669 453 2708 culpam
464 2671 576 2705 taceri,
597 2671 633 2705 &¹
650 2671 755 2702 multis
764 2671 837 2702 aliis
846 2669 988 2702 remediis
1008 2672 1129 2710 expiari

122 2741 126 2746 ,
297 2725 310 2743 o
333 2721 389 2742 une
397 2733 404 2741 .

178 2765 210 2796 13
235 2712 338 2787 thfll'tqt
348 2764 379 2783 in
390 2750 499 2784 duobus
510 2752 622 2795 cafibus
631 2774 638 2781 .

175 2806 187 2829 1
194 2808 214 2837 4
236 2799 364 2828 Peccata
375 2795 514 2827 venialia
522 2792 645 2826 tantum
654 2792 766 2826 habens
775 2816 783 2829 ‚
793 2806 833 2825 an
841 2803 980 2826 teneatur
983 2796 1051 2836 jure
1059 2793 1128 2836 post-

277 2839 343 2869 tivo
351 2835 441 2875 semel
451 2838 484 2866 in
493 2847 573 2867 anno
581 2834 731 2871 confiteri,
752 2846 804 2867 aut
804 2834 985 2876 satisfaciat
991 2845 1130 2877 praecepto

280 2878 418 2917 Ecclesia
427 2899 437 2913 ‚
447 2878 482 2912 ὠ
491 2878 608 2917 n-seqq.

185 2930 217 2962 15
240 2918 451 2958 Christianus,
473 2919 647 2959 quisaltem
657 2918 751 2959 semel
760 2922 793 2951 in
804 2929 883 2950 anno
894 2918 1048 2960 confitetur
1059 2943 1069 2956 ,
1090 2917 1130 2960 est

271 2961 422 3002 suspelius
431 2965 466 2991 de
475 2959 589 3002 harefi.

178 3011 190 3033 1
197 3005 215 3032 6
233 3004 380 3035 Confiteri
383 3003 476 3042 semel
483 3005 515 3033 in
523 3012 604 3033 anno
613 3013 653 3033 ex
657 3008 798 3041 precepto
807 3002 837 3032 E
839 3000 944 3041 ccleſsae
954 3013 1011 3034 non
1030 3013 1130 3036 cenen-

275 3053 324 3076 tur
332 3044 383 3076 illi
391 3042 507 3083 ‚quibus
514 3053 553 3075 ex
559 3045 664 3082 gratia
673 3044 814 3074 collatum
822 3041 870 3083 est,
881 3052 912 3074 ut
922 3043 978 3075 sint
987 3047 1130 3076 immunes

281 3084 301 3117 ἆ
308 3095 426 3126 peccato
434 3085 569 3117 veniali.
782 3085 791 3095 ⁹

182 3133 218 3163 17
239 3127 367 3159 Peccata
377 3127 519 3159 venialia
541 3137 601 3158 non
621 3134 740 3157 tenetur
761 3128 826 3162 quis
847 3125 981 3166 confiteri
995 3128 1088 3165 semel
1098 3129 1130 3159 in

282 3178 361 3239 anlno
376 3169 548 3209 specialiter
570 3189 579 3204 ,
601 3169 639 3202 (ᾗ-
659 3168 874 3199 enumeraliter
895 3188 904 3203 ,
917 3168 974 3209 sed
995 3171 1027 3200 in
1046 3179 1132 3206 gene-

285 3220 320 3239 ra
337 3222 346 3240 ι
357 3230 365 3238 .

182 3249 217 3280 18
241 3249 518 3290 Hermaphroditus
538 3262 579 3283 an
600 3260 742 3283 teneatur
761 3249 897 3292 confiteri
905 3249 1002 3291 semel
1022 3252 1056 3283 in
1077 3263 1128 3284 an·

286 3301 322 3321 no
336 3313 344 3321 .
446 3303 448 3307 ’

178 3340 216 3368 19
238 3330 509 3370 Hermaphroditus
517 3356 526 3371 ‚
547 3336 598 3373 qui
605 3336 637 3368 in
644 3330 865 3374 sexufoemiueo
874 3334 1046 3374 incalescit,
1067 3345 1124 3367 non

281 3374 386 3420 recipit
394 3375 524 3407 Ordinis
534 3376 739 3407 characterem
747 3396 758 3411 ‚
768 3385 821 3407 nec
826 3372 917 3416 potes}
927 3375 1126 3417 cumfoemina

283 3419 506 3447 matrimonium
514 3416 695 3449 contrahere
704 3442 710 3449 .

234 3455 335 3508 Prosp.
347 3456 376 3488 F
377 3464 483 3495 agnati.
492 3460 524 3489 in
531 3458 649 3496 V.‚L1·b.
660 3459 812 3492 Decreta!
813 3480 820 3490 .

1190 1557 1229 1579 20
1238 1549 1325 1589 Papa
1335 1557 1376 1578 an
1387 1544 1596 1586 adstringatur
1607 1533 1703 1576 edific
1714 1543 1751 1574 de
1760 1539 1926 1584 confitendo
1931 1538 2025 1580 semel
2036 1540 2068 1571 in
2077 1549 2169 1575 anno,

1293 1590 1330 1624 ὠ·
1341 1588 1590 1620 communicando
1600 1589 1632 1617 in
1643 1584 1844 1625 Paschates&
1854 1581 2053 1622 n·seqq.usque
2063 1582 2106 1613 ad
2119 1583 2166 1611 26.

1192 1640 1227 1663 21
1249 1633 1336 1671 Papa
1346 1630 1436 1671 potest
1445 1631 1540 1669 ligari
1548 1628 1567 1660 a'
1578 1630 1744 1660 Sacerdote
1755 1648 1763 1662 ,
1773 1622 2002 1666 cuisesubjt'cn
2014 1625 2047 1653 in
2057 1622 2168 1664 confes-

1323 1684 1377 1705 one
1386 1694 1393 1702 .

1179 1725 1217 1746 22
1239 1673 1388 1757 Cotffseffio
1398 1711 1647 1746 Sacramentalt's
1658 1710 1709 1743 ubi
1721 1732 1730 1747 ,
1752 1709 1790 1744 ό·
1800 1709 1920 1748 quaudo
1928 1728 1936 1743 ‚
1946 1705 1983 1741 ἀ
1993 1705 2075 1745 a'quo
2084 1704 2168 1747 insti-

1307 1766 1375 1788 tuta
1387 1778 1394 1785 .

1200 1807 1237 1839 23
1261 1796 1602 1839 Confeffiopeecatorum
1615 1804 1662 1826 om
1670 1792 1759 1825 nibus
1767 1791 1826 1834 post
1837 1791 2025 1833 Baptismum
2033 1788 2169 1835 lapfisju-

1302 1851 1335 1870 re
1344 1841 1450 1870 divino
1459 1837 1619 1877 neceffart'a
1630 1834 1736 1872 extslit
1749 1856 1756 1863 .

1198 1892 1237 1923 24
1261 1881 1401 1921 Papajus
1410 1883 1557 1912 divinum
1568 1880 1654 1919 usque
1664 1879 1705 1908 ad
1715 1878 1853 1908 animam
1862 1874 2167 1916 ‚&sanguinemser-

1300 1933 1378 1954 vare
1389 1920 1475 1953 debet
1486 1943 1493 1950 .

1200 1974 1237 2006 25
1261 1966 1348 2004 Papa
1358 1974 1416 1995 non
1427 1960 1631 2001 adstringitur
1639 1956 1912 1999 constitutionibus
1922 1957 2167 1996 Praedecesfhrum

1303 2015 1397 2037 ettam
1408 2007 1441 2035 in
1449 2005 1588 2042 generali
1598 2003 1734 2035 Concilio
1743 2002 1836 2034 editis
1844 2022 1853 2036 ,
1875 2003 1910 2032 vi
1921 1996 2166 2040 compulst'vffised

1300 2058 1334 2079 vt
1344 2047 1503 2078 direiitva
1515 2046 1648 2076 rationis
1657 2065 1664 2074 .
2150 2049 2153 2053 ·

1202 2092 1240 2120 26
1261 2085 1407 2131 Confeffio
1417 2086 1503 2119 debet
1513 2087 1563 2128 effe
1572 2089 1693 2122 integra
1701 2106 1708 2114 .

1197 2141 1236 2171 27
1259 2133 1394 2163 Peccata
1400 2130 1522 2169 propria
1531 2129 1700 2159 dumtaxat
1702 2129 1774 2168 sunt
1796 2129 1828 2158 in
1839 2124 2012 2169 confefflone
2031 2129 2165 2167 aperien-

1300 2171 1342 2203 da
1353 2192 1361 2203 ,
1370 2182 1428 2202 non
1439 2179 1540 2201 autem
1549 2170 1654 2201 aliena
1665 2190 1672 2198 .

1195 2215 1235 2245 28
1247 2213 1564 2252 Circumstantia,quae
1575 2214 1708 2250 exprimi
1717 2222 1774 2241 non
1781 2208 1939 2251 potelifine
1947 2208 2165 2248 manifestatio-

1302 2267 1337 2286 ne
1345 2255 1462 2294 peccati
1471 2253 1600 2285 alterius
1608 2274 1617 2287 ‚
1626 2264 1666 2283 an
1676 2250 1880 2294 neceffariofit
1888 2252 2059 2288 confitenda
2072 2275 2079 2282 .

1197 2308 1236 2336 29
1258 2300 1308 2329 Ius
1315 2297 1458 2328 divinum
1465 2294 1626 2337 pofitivum
1636 2297 1667 2326 in
1677 2295 1817 2335 concursu
1830 2294 1910 2326 cedit
1915 2294 1982 2333 juri
1992 2293 2101 2325 divino
2108 2304 2162 2325 ηα-

1302 2339 1388 2370 tural
1392 2341 1403 2369 i
1412 2359 1421 2368 .

1201 2391 1240 2423 30
1260 2382 1419 2413 Poenitens
1428 2377 1515 2411 debet
1524 2388 1624 2410 tacere
1628 2385 1796 2418 peccatum,
1807 2377 1925 2415 quadiu
1935 2378 2106 2418 confeffione
2115 2376 2164 2408 de-

1304 2419 1475 2462 tetflumfibi
1483 2441 1492 2454 ,
1504 2421 1558 2452 vel
1566 2419 1717 2461 confeffort
1723 2417 1879 2457 probabile
1887 2420 2032 2449 damnum
2044 2420 2163 2452 anime,

1303 2463 1355 2495 vel
1365 2464 1494 2502 corporis
1502 2483 1510 2496 ,
1519 2459 1663 2503 velfa'mae
1674 2459 1802 2499 inferret
1816 2482 1823 2490 .

1198 2515 1214 2547 3
1221 2504 1238 2536 f
1258 2503 1410 2544 Clausala
1418 2514 1479 2534 una
1481 2502 1648 2543 secundnm
1657 2502 1766 2541 divers
1763 2513 1792 2531 cs
1800 2501 1945 2541 respeiius
1959 2499 2162 2540 diversimode

1300 2550 1448 2585 accipitur
1458 2567 1464 2573 .

1193 2599 1231 2631 3²
1255 2589 1350 2619 Pueri
1371 2584 1606 2626 tenentursemel
1627 2587 1659 2615 in
1671 2595 1752 2616 anno
1771 2583 1920 2619 confiteri,
1941 2584 2010 2615 ciem
2025 2583 2100 2624 sunt
2110 2583 2160 2615 do-

1294 2629 1316 2659 li
1330 2637 1470 2667 capaces,
1492 2627 1567 2664 quod
1578 2626 1779 2667 utplurimum
1790 2627 1940 2663 contingit
1949 2628 2033 2657 circa
2041 2625 2160 2666 septen-

1292 2679 1377 2701 mum
1387 2690 1395 2698 .

1191 2721 1228 2754 33
1252 2710 1450 2751 Eucharistia
1460 2712 1493 2741 in
1505 2720 1562 2748 qua
1571 2708 1697 2750 aetatefit
1703 2711 1803 2750 pueris
1814 2706 1988 2741 exhibenda
1999 2731 2006 2739 .

1191 2763 1230 2794 34
1251 2756 1417 2786 Annorum
1426 2751 1619 2792 discretionis
1629 2762 1690 2782 tres
1696 2756 1810 2789 gradus
1817 2750 2037 2789 constituuntur
2044 2773 2052 2781 .

1250 2796 1281 2826 E
1284 2792 1448 2834 ucharistta
1457 2805 1497 2824 an
1507 2790 1692 2828 amentibus,
1700 2800 1737 2826 (ἲ
1742 2793 1922 2832 phreneticis
1932 2790 2158 2835 exhiheripoffit

1296 2836 1372 2869 ibid.
1380 2835 1457 2876 vers
1468 2837 1525 2867 An
1533 2844 1635 2866 autem
1643 2844 1702 2865 non
1710 2831 1889 2865 habentibus
1897 2854 1905 2862 .

1200 2887 1234 2919 35
1259 2880 1417 2910 Poenitens
1429 2873 1515 2908 debet
1524 2875 1745 2916 confiterisolus
1756 2896 1763 2903 .
1818 2882 1821 2886 ’
2141 2880 2155 2900 e

1191 2923 1230 2962 3⁶
1253 2922 1378 2954 Mutus,
1390 2920 1442 2950 vel
1452 2927 1497 2951 ,ta
1508 2929 1577 2956 ager
1586 2938 1595 2950 ‚
1604 2927 1636 2947 ue
1644 2917 1726 2953 loqui
1734 2926 1793 2946 non
1800 2914 1948 2957 poffitfine
1954 2918 2141 2956 periculam

1294 2962 1426 2994 exiliens
1433 2961 1561 2991 alterius
1572 2959 1674 2995 lingue
1681 2979 1688 2991 ‚
1696 2956 1786 2995 quum
1797 2957 1960 2999 Confeffor,
1964 2967 2019 2999 per
2021 2959 2153 3000 scriptu-

1294 3014 1362 3034 ram
1371 3023 1380 3037 ‚
1390 3002 1442 3034 vel
1449 3009 1500 3041 per
1510 3001 1607 3031 alium
1616 2998 1751 3038 confiteri
1758 2998 1869 3040 possunt
1878 3020 1887 3029 .

1190 3055 1231 3086 37
1253 3045 1448 3077 Declaratur
1460 3062 1468 3071 .

1191 3087 1232 3127 38
1253 3085 1439 3127 Confessario
1456 3081 1576 3122 absenti
1584 3090 1642 3113 non
1657 3081 1729 3113 licet
1738 3081 1930 3122 confiteriper
1949 3083 2122 3124 Epistolam
2142 3108 2152 3120 ,

1294 3127 1346 3159 vel
1367 3125 1591 3157 internuncium
1601 3134 1612 3159 ,·
1633 3123 1669 3156 ό·
1689 3132 1880 3155 contrariam
1898 3125 2120 3167 proposseionem
2143 3149 2152 3162 ‚

1296 3178 1328 3199 ue
1351 3167 1549 3198 temerariam
1558 3186 1567 3200 ,
1588 3166 1624 3198 (ῥ’
1638 3164 1852 3205 scandalosam
1861 3186 1870 3201 ‚
1893 3165 2061 3199 damnavit
2081 3167 2150 3200 Cle—

1293 3220 1376 3239 mens
1383 3208 1474 3238 VIII-
1971 3219 1974 3221 ·

1193 3260 1230 3292 39
1251 3248 1403 3290 Confeffor
1416 3258 1474 3279 non
1479 3246 1574 3286 potest
1583 3243 1689 3278 valide
1697 3246 1849 3286 absentem
1858 3247 2011 3289 absolvere
2021 3270 2031 3286 ,
2047 3250 2151 3293 tiamfi

1290 3290 1376 3329 priiu
1382 3289 1508 3329 presens
1518 3288 1602 3319 illius
1611 3287 1811 3330 confeffionem
1821 3292 1980 3325 audiverit
1988 3312 1996 3320 .

1185 3343 1226 3374 40
1247 3331 1445 3372 Eucharistiae
1451 3330 1543 3371 semel
1551 3332 1676 3361 tantum
1683 3333 1718 3361 in
1726 3332 1894 3372 anno,idest
1903 3335 1937 3364 e'n
1947 3331 2147 3383 Fufi-haredit-

1290 3374 1401 3405 menda
1411 3371 1453 3411 esc
1463 3382 1502 3402 ex
1509 3372 1676 3413 neceffltate
1684 3375 1831 3412 praecepti.
2063 3388 2072 3399 a

1188 3424 1224 3458 41
1248 3415 1516 3447 Communicantes
1543 3415 1577 3444 in
1605 3411 1789 3446 hebdomoda
1805 3415 1916 3454 sane't'a
1938 3438 1949 3454 ,
1977 3418 2031 3450 vel
2058 3415 2144 3455 infra

1845 3466 1861 3491 2
2029 3456 2106 3488 afla-
