2353 3652
69 1768 109 1801 59

68 1887 111 1927 ⁶0

67 2508 103 2543 61

673 136 763 192 De
783 137 962 191 excels.
987 136 1180 190 Praelat.
1194 153 1239 190 c.
1253 137 1420 195 Nimis
1436 155 1598 209 prava
1621 149 1636 192 ;

135 223 198 256 alio
209 228 306 257 inodo
315 226 343 258 se
353 224 586 262 habentibus‚in
596 225 710 267 quibus
720 224 922 257 transferatur
930 226 1110 257 dominium
1118 244 1129 260 ,

135 269 169 299 δε
177 270 348 306 proprietas
359 268 486 310 alicujus
498 267 626 306 capella:
636 292 640 297 .
654 266 673 297 si
681 277 715 298 ve
727 267 899 306 sepulturae,
909 267 981 298 etim
991 266 1051 298 boc
1060 275 1129 297 om-

134 309 211 340 nino
223 308 258 340 fit
268 317 379 340 contra
389 308 594 348 Regulam&
605 307 710 339 nostro
721 316 872 347 repugnet
881 307 1024 339 instituto
1037 319 1044 344 3
1057 317 1129 351 nam

131 352 297 390 quomodo
309 352 418 392 aliquis
428 351 478 381 dat
490 351 574 391 quod
586 359 651 380 non
663 349 773 380 habet?
794 349 827 381 Si
838 358 941 380 tamen
958 348 1082 380 occasio
1101 350 1129 378 le

132 392 282 423 obtulerit
291 413 300 426 ,
320 394 355 423 iri
376 401 437 432 qua
448 399 593 431 oporteat
605 389 779 422 satisfacere
790 391 913 420 devotae
923 389 1063 421 fidelium
1074 399 1129 420 vo-

135 433 247 463 luntati
259 454 268 467 ‚
292 435 320 464 id
330 432 382 464 fiat
392 441 445 472 per
454 433 568 463 modos
580 431 688 463 nostrae
698 430 810 470 regntae
819 451 828 465 ‚
850 432 884 463 &
894 430 1036 462 instituto
1054 441 1130 461 con—

134 483 282 513 gruentes
294 495 301 502 .
321 473 369 506 Est
378 483 482 504 autem
493 472 674 513 protestatio
685 473 832 512 praedicka
842 472 1007 504 necessaria
1017 492 1026 506 ,
1048 482 1086 502 ne
1097 480 1129 501 ut

136 517 179 547 ait
196 515 237 547 D.
249 516 485 548 Bonaventura,
507 514 544 545 ab
560 513 781 554 ignorantibus
799 513 938 544 nostrum
954 512 1129 544 institutum

133 557 249 596 regulae
260 556 369 588 nostrae
378 555 610 595 transgressores
628 556 805 595 judicemur
815 576 822 583 .
843 554 947 594 Cujus
968 553 1130 594 Serapliici

133 597 289 630 Doctoris
298 595 483 628 sententiam
496 595 546 628 hic
566 597 761 628 inserendam
779 597 1002 636 judicavimus,
1025 604 1131 636 quate-

133 639 193 672 ni‘is
203 639 336 670 emedio
348 638 475 668 tollatur
485 638 592 669 abusus
604 637 930 677 ignorantiffimomm
943 637 1130 678 aliquorum,

132 683 185 721 qui
196 679 404 712 existimantes
414 678 600 712 Cliaribdini
612 680 720 720 fugere
730 701 739 715 ,
764 681 795 710 in
805 679 932 711 Scillam
951 681 1131 710 inciderunt

133 724 167 754 in
183 720 326 752 favorem
342 720 590 752 Ordinatiornm
601 742 610 755 ,
629 722 679 753 vel
697 721 825 762 alicujus
842 722 943 754 tertii,
965 722 1012 752 vel
1037 719 1132 751 haere-

133 764 197 795 dis,
206 763 424 796 renuntiantes
435 763 580 802 praedici-i
590 764 689 803 legata
701 784 710 797 ‚
719 762 802 802 quasi
815 773 879 794 non
889 764 960 793 ess'et
971 771 1050 802 opus
1062 771 1131 800 pro-

131 803 273 843 prietatis
283 824 292 837 ,
315 804 495 836 &dominii
513 806 648 839 donare,
672 804 760 836 sicuti
776 805 933 844 accipere,
958 805 991 836 &
1015 804 1131 835 summa

131 846 292 876 dementia
301 845 438 876 alienum
449 847 647 878 renuntiare.

171 885 223 918 De
233 886 409 925 hujusmodi
419 895 524 919 autem
534 887 626 920 bonis
638 909 647 921 ,
670 887 718 918 seu
731 886 860 918 illorum
870 888 982 926 pretio,
993 886 1130 918 Genera-

131 928 180 963 lis,
188 928 238 959 vel
247 927 490 960 Commissarius
500 929 664 960 Generalis
676 928 735 960 nna
751 938 824 959 cum
833 926 965 959 consilio
977 927 1131 971 Gnardia-

131 971 167 1001 ni
176 991 185 1004 ‚
207 970 240 1001 δε
251 970 468 1002 Discretorum
479 968 670 1002 Conventus
680 972 713 1001 in
724 970 811 1001 usum
820 968 972 1001 Sacristia:
983 990 991 1003 ,
1008 970 1131 1000 tabricae

131 1010 279 1043 Ecclesia:
290 1032 300 1046 ‚
309 1012 343 1044 &
353 1010 584 1044 Conventuum
596 1012 773 1050 provideat,
783 1019 878 1050 prout
891 1010 1018 1041 illorum
1027 1009 1129 1042 neces-

132 1051 220 1084 fitate
231 1051 388 1093 perspecta
404 1051 562 1084 salubriter
581 1053 612 1083 in
635 1052 780 1083 Domino
803 1053 949 1090 expedire
971 1051 1132 1082 arbitrabi-

133 1103 182 1125 tur
192 1116 201 1124 .
222 1095 308 1128 Etde
317 1093 374 1125 liac
384 1092 562 1132 provisione
573 1093 807 1133 quamprimum
818 1091 934 1124 sacram
943 1093 1024 1123 hanc
1043 1091 1132 1125 Con·

131 1137 350 1176 gregationem
361 1133 493 1166 fideliter
504 1136 674 1165 certiorem
685 1133 798 1165 faciat.
822 1133 915 1166 Hanc
937 1133 1015 1165 vero
1033 1133 1131 1163 bono-

132 1187 200 1208 rum
223 1176 457 1208 abdicationem
467 1197 475 1210 ,
498 1177 531 1207 &
555 1176 731 1216 iegatorum
758 1176 1029 1207 renuntiationem
1045 1174 1132 1205 fuisse

132 1219 313 1250 executioni
324 1219 543 1249 demandatam
553 1217 693 1249 constare
704 1217 829 1248 debebit
839 1217 910 1248 hnic
918 1217 1021 1248 Sacra:
1043 1215 1132 1248 Con-

130 1260 307 1299 gregationi
316 1268 354 1290 ex
362 1257 529 1290 Generalis
538 1280 546 1293 ,
557 1259 606 1290 vel
617 1259 834 1291 Comiiiiffarii
843 1258 1011 1296 generalis,
1021 1258 1054 1292 ὃς
1063 1257 1126 1288 Οι·-

130 1301 328 1332 dinariorum
338 1299 607 1336 attestationibus,
616 1302 713 1341 gratis
723 1321 732 1336 ,
754 1301 788 1333 ὃς
798 1299 909 1340 absque
921 1299 987 1330 ullo
996 1297 1131 1330 fratrum

130 1341 293 1380 dispendio
304 1341 516 1373 concedendis
525 1363 534 1371 .

172 1383 297 1414 Deinde
321 1383 337 1415 a
359 1381 505 1414 fratribus
526 1382 764 1423 particularibus
784 1381 942 1416 auferatur
964 1382 1133 1423 cujuscum-

130 1434 190 1465 que
201 1426 245 1456 rei
257 1426 430 1465 proprietas
440 1445 449 1457 ,
470 1423 490 1454 fi
502 1433 571 1463 quae
581 1424 617 1456 sit
627 1446 635 1459 ,
657 1427 691 1457 &
700 1426 809 1455 omnia
821 1426 853 1455 in
864 1426 1027 1455 communi
1053 1425 1130 1455 redi-

131 1475 244 1501 gantur
261 1468 297 1498 ad
314 1465 411 1505 regul.
427 1466 496 1498 Sac-
507 1465 591 1498 Can,
604 1466 747 1505 Apostol-
765 1465 901 1498 Constit-
921 1468 954 1498 &
965 1465 1131 1499 S.Concil.

132 1507 483 1547 'frid-dispositionem·
503 1507 701 1541 Potissimum
714 1507 791 1539 vert')
802 1507 955 1540 tollantur
970 1508 1112 1548 pecuniae
1124 1528 1132 1542 ,

130 1550 404 1590 &quamprimum
416 1550 589 1582 insumatur
605 1551 640 1581 in
657 1559 747 1581 veras
758 1570 767 1584 ‚
789 1550 822 1581 &
846 1558 1032 1581 communes
1055 1549 1132 1588 ipso·

129 1600 199 1622 rum
208 1589 440 1625 Conventuum
450 1592 667 1628 necemtates;
688 1592 782 1632 idque
793 1590 847 1621 fiat
857 1588 874 1621 a
882 1590 1028 1633 Syndicis
1046 1591 1132 1628 Apo-

128 1632 247 1664 stolicis
258 1632 399 1668 tantum,
409 1633 453 1663 ita
463 1642 496 1665 ut
507 1632 585 1665 nihil
596 1634 737 1672 pecunia:
747 1631 894 1666 mediate,
906 1631 955 1663 vel
969 1633 1130 1664 immedia-

130 1672 161 1705 ιὲ
171 1673 335 1712 superfitin
347 1674 492 1707 manibus
501 1695 511 1710 ,
532 1675 582 1707 vel
595 1674 745 1714 potestate
765 1673 899 1706 fratrum
921 1675 1015 1705 etiam
1036 1674 1130 1714 Supe-

131 1717 251 1748 tIOrum
261 1737 268 1744 .

171 1758 220 1790 Ad
231 1756 296 1788 haec
305 1757 433 1788 tollatur
445 1757 552 1789 abusus
562 1756 837 1789 Aromatariarum
848 1778 858 1792 ,
870 1757 912 1788 ita
925 1766 957 1787 ut
967 1759 1005 1789 de
1014 1766 1131 1790 caetero

129 1797 190 1831 illae
200 1808 264 1830 non
275 1801 468 1830 retineant-ur
478 1820 488 1833 ,
510 1797 567 1829 nisi
579 1800 615 1829 ad
625 1798 712 1830 usum
724 1799 987 1830 monasteriorum
1009 1800 1130 1831 dumta-

129 1849 202 1874 xat,
223 1849 282 1870 nec
292 1839 383 1871 liceat
396 1840 578 1871 resillarum
591 1841 704 1879 cuique
715 1841 852 1871 vendere
862 1860 869 1868 .

173 1880 324 1912 Praeterea
334 1881 422 1912 nullo
435 1882 535 1912 modo
544 1880 676 1912 habeant
686 1881 718 1912 in
727 1891 838 1913 eorum
848 1880 994 1915 Ecclefiis
1003 1903 1012 1918 ,
1023 1882 1070 1914 vel
1080 1883 1131 1914 Sa-

132 1922 230 1954 cristis
239 1943 249 1958 ,
271 1931 323 1953 aut
334 1922 406 1954 alibi
417 1925 539 1962 cippos,
566 1923 600 1954 &
617 1930 747 1954 truncos
766 1924 930 1955 ordinatos
950 1925 984 1954 ad
997 1923 1129 1956 offeren-

130 1964 210 1995 tium
221 1985 229 1997 ‚
240 1963 288 1994 seu
296 1965 485 1996 donantium
495 1964 659 2004 pecunias,
679 1974 737 1995 nec
749 1964 885 2004 capsulas
896 1974 952 2005 pro
964 1965 1128 2007 eleemoijv-

131 2008 180 2036 nis
190 2004 370 2037 Missarum.

170 2046 220 2078 Ac
229 2047 356 2077 demum
364 2047 548 2086 Superiores
559 2045 732 2087 Regulares
749 2048 937 2089 invigilent,
961 2056 994 2079 ut
1016 2048 1127 2080 fratres

129 2088 292 2119 communi
305 2087 407 2118 mensa
418 2097 545 2119 utantur
556 2110 564 2122 ‚
585 2090 691 2120 divina
712 2088 818 2120 officia
835 2090 1028 2129 temporibus
1043 2090 1127 2122 debi-

129 2130 168 2161 tis
177 2130 326 2163 recitent,
350 2138 463 2160 vacent
475 2131 614 2161 orationi
626 2130 774 2164 mentali,
796 2132 830 2162 δε
847 2132 993 2162 divinum
1004 2132 1125 2162 cultum

126 2169 295 2210 diligenter
303 2179 481 2206 exerceant,
492 2181 528 2202 ac
541 2180 651 2203 caetera
660 2171 862 2211 impleant,ad
876 2181 945 2213 quae
952 2182 1010 2213 pro
1022 2172 1127 2213 Regu-

127 2211 166 2242 1ae
174 2211 393 2243 observatione
403 2221 551 2243 tenentur
565 2235 571 2242 .

168 2252 249 2285 Haec
258 2261 362 2286 autem
375 2252 512 2292 superins
522 2256 669 2293 expressa,
680 2253 768 2286 fuisse
777 2256 814 2285 ad
823 2255 969 2287 effectum
979 2255 1127 2293 perdutsta

130 2294 271 2327 constare
278 2294 404 2326 debebit
414 2297 515 2327 eidem
524 2296 554 2328 S.
566 2296 822 2336 Congregationi
831 2317 841 2331 ,
867 2306 904 2327 ex
922 2295 1126 2329 attestationi-

127 2335 185 2367 bus
194 2337 485 2375 mediojuramento
494 2338 674 2372 Generalis,
698 2346 750 2368 aut
766 2336 981 2369 Commislarii
998 2348 1125 2377 genera-

127 2376 184 2411 lis,
195 2386 247 2409 aut
255 2377 593 2417 Visitatorum,praevia
602 2378 984 2417 diligentiinformatione
993 2382 1125 2418 captain

127 2417 308 2451 visitatione
317 2418 508 2458 singulorum
519 2419 751 2453 Conventuum
766 2419 911 2461 cujusque
928 2420 1120 2454 Provincia:-

129 2460 245 2496 Romae
258 2469 302 2498 14.
312 2460 397 2500 Iunii
410 2461 498 2492 1⁶28.

171 2499 273 2534 Porro
283 2500 491 2542 suprascriptis
499 2501 768 2534 declarationibus
776 2523 785 2537 ,
809 2503 841 2534 δε
850 2503 989 2535 decretis
999 2514 1066 2536 non
1075 2507 1125 2536 ad-

129 2544 304 2576 versantur,
325 2543 399 2583 quin
409 2544 515 2583 potitis
524 2543 629 2576 favent
639 2543 701 2575 alia
709 2544 835 2575 decreta
846 2546 877 2576 in
893 2543 1125 2586 congregatio-

129 2594 169 2616 ne
178 2583 303 2657 fgbricae
312 2583 419 2616 Sanffi
429 2584 514 2618 Petri
526 2586 693 2628 editajussu
702 2585 891 2619 Sandiiffimi
900 2586 942 2618 D.
952 2587 995 2619 N.
1007 2589 1039 2619 in
1059 2589 1123 2620 lia-t·

129 2635 184 2656 ver
208 2635 238 2660 a.

125 2710 294 2743 Decretum
301 2711 376 2741 Sae.
383 2710 633 2748 congregationis
643 2712 671 2743 F
672 2706 782 2742 abrica
793 2712 946 2753 Principis
967 2712 1122 2754 Apostolo-

209 2761 276 2782 rum
284 2752 321 2782 de
329 2749 434 2789 Urbes
432 2760 501 2791 uper
513 2753 640 2789 Legatis
651 2752 768 2783 relil'h's
778 2754 845 2784 PP.
854 2753 1037 2786 Minoribus

375 2792 412 2826 de
421 2792 635 2834 observantia
645 2795 680 2825 S.
690 2796 718 2825 F
720 2795 856 2834 rancisci
865 2816 872 2825 .

194 2877 265 2910 Um
274 2877 380 2918 saepius
393 2876 764 2908 fueritliabitusrecursus
773 2878 809 2907 ad
827 2877 953 2909 Sacram
973 2878 1121 2920 Congre-

207 2921 369 2958 gationem
382 2918 604 2951 ven-Fabricae
621 2917 652 2949 S·
662 2917 747 2949 Petri
764 2918 850 2954 super
869 2921 978 2951 annuis
995 2920 1120 2961 Legatis

125 2956 280 2994 faerisffcu
289 2960 441 2993 facien-ad
454 2959 597 2992 favorem
606 2958 738 2990 fratrum
746 2959 776 2991 S·
787 2958 938 2991 Francisci
950 2961 1117 2994 Minorum

127 3000 166 3031 de
174 2999 398 3037 observantia,
423 3011 493 3034 cum
505 3010 603 3032 onere
615 3000 796 3036 Miffarum,
818 3000 1121 3039 seuOfficioruin‚fi-

127 3043 284 3077 vegratis,
308 3043 371 3076 five
379 3044 443 3075 alio
455 3044 553 3075 modo
566 3066 573 3073 .

168 3081 384 3117 praetendente
393 3086 474 3117 Ven.
483 3084 610 3118 Fabrica
618 3083 649 3116 S.
661 3082 743 3114 Petri
755 3084 789 3114 ad
802 3083 888 3116 illam
907 3083 1040 3124 (perstare
1050 3094 1120 3127 pro·

130 3131 199 3164 pter
207 3124 398 3158 diist-atrum
406 3126 647 3166 incapacitatem
657 3124 832 3164 huiusmodi
845 3124 1033 3165 Legatorum
1044 3148 1052 3156 .

169 3163 275 3197 Dictis
294 3176 396 3199 antem
413 3168 570 3200 Fratribus
588 3166 790 3207 allegantibus
807 3166 890 3206 posse
911 3168 1120 3208 annualegata

128 3204 305 3246 hujusmodi
316 3210 454 3248 recipere
464 3218 530 3241 tnta
542 3207 746 3242 conscientia,
757 3208 1013 3248 quatenusliaercs
1025 3219 1060 3240 ex
1072 3209 1120 3241 sna

131 3247 228 3278 libera
239 3247 399 3280 voluntate
409 3251 544 3282 voluerit
558 3250 690 3281 iliadare
700 3252 731 3280 in
742 3249 982 3291 eleemosynam,
992 3251 1025 3282 &
1036 3261 1121 3283 com-

129 3290 257 3320 mittere
267 3287 469 3323 fratribusdd.
482 3292 607 3327 Mittas,
631 3290 812 3326 &Officia,
831 3292 918 3332 juxta
938 3291 1120 3324 sententiam

129 3329 398 3362 S·BO¹1aventurae
409 3353 418 3366 ²
440 3334 472 3365 &
482 3332 619 3364 Decreta
628 3332 658 3365 S.
668 3330 939 3374 Congregationis
949 3333 964 3362 ,ἰ
984 3332 1013 3365 S·
1025 3331 1064 3364 D.
1076 3333 1120 3366 N.

127 3371 268 3403 Fratrum
282 3371 450 3404 Minorum
459 3375 498 3405 de
507 3373 716 3406 Observantia
725 3374 754 3406 S.
764 3374 916 3407 Francisci
940 3372 1117 3407 Cismonta-

129 3422 177 3444 nae
200 3411 325 3443 familiae
345 3411 637 3448 Consultationibus
659 3415 844 3459 praepofitae,
865 3414 916 3447 sub
931 3416 983 3448 die
993 3415 1117 3456 4·Jutiii

131 3453 404 3494 1628.publicata.

211 3495 314 3537 Profe·
324 3498 464 3535 fagnan.
474 3497 506 3529 in
515 3499 547 3531 V
548 3519 556 3527 .
564 3494 637 3532 Lib.
651 3498 811 3532 Decretnl.

2006 159 2103 205 227

1208 225 1325 258 Eadem
1335 228 1429 260 Sacra
1437 227 1658 271 Congregatio
1667 239 1724 271 pro
1735 240 1913 272 opportuna
1936 233 2162 270 praemissorum

1169 266 1351 307 provisione
1360 267 1441 302 faeta
1450 273 1536 309 prius
1548 273 1704 304 relatione
1714 272 1835 305 §.D-N.
1847 274 1981 306 Urbano
1992 273 2072 314 Papa
2083 275 2166 305 VIII.

1169 307 1344 340 acdeillius
1355 312 1495 348 expresso
1504 314 1635 347 ordine,
1653 315 1686 346 δέ
1699 317 1866 347 mandato.
1888 317 2030 346 decrevit
2043 316 2167 346 intutu-

1169 358 1238 379 rum
1249 349 1336 389 super
1346 350 1519 395 hujusmodi
1530 353 1655 393 Legatis
1664 356 1818 387 observari
1829 378 1837 391 ,
1856 366 1888 388 ut
1901 355 1997 387 infra.

1211 389 1311 432 Qod
1323 391 1495 433 hujuimodi
1509 392 1571 432 reg
1583 404 1623 425 ita
1636 406 1688 434 per
1699 399 1872 429 debitores,
1893 397 1942 429 vel
1952 398 2088 429 haeredes
2099 408 2165 428 non

1170 435 1412 472 extinguantur,
1422 435 1470 476 vel
1484 437 1671 467 reducantur
1680 447 1732 475 per
1742 438 2006 478 compositionem
2018 449 2088 470 cum
2101 439 2166 470 Mi-

1170 474 1272 505 nistris
1284 474 1418 505 Fabricae
1429 476 1603 506 taciendam
1614 497 1623 510 ,
1646 478 1693 507 vel
1707 480 1768 510 alio
1780 482 1893 521 quovis
1902 482 2000 512 modo
2011 493 2018 518 ς
2041 482 2087 512 {ed
2097 482 2154 510 illo

1170 525 1240 547 rum
1260 516 1412 555 capitale,
1435 514 1496 546 sive
1514 516 1577 547 sors
1595 519 1795 558 principalis,
1817 522 2167 562 velproprietasrblqec

1171 556 1274 597 aliqua
1283 559 1498 589 diminutione
1507 557 1708 590 conservetur
1718 561 1851 600 semper,
1871 565 1904 595 ὃς
1915 564 2066 603 perpetuo
2079 565 2113 595 ad
2127 562 2169 593 ef-

1171 597 1289 631 fectum
1299 620 1306 633 ,
1329 608 1361 629 ut
1373 601 1404 630 in
1416 598 1482 629 usus
1495 598 1648 631 Romano
1656 598 1806 634 Pontifici
1817 613 1873 641 pro
1884 614 2026 644 tempore
2039 605 2168 637 existen-

1173 639 1284 671 tibene
1296 639 1673 680 visospossintapplicari:
1700 643 1741 673 ita
1753 652 1878 678 tamen,
1901 655 1933 676 ut
1958 648 2170 686 quamdiuap—

1171 681 1377 720 plicationeni
1387 682 1546 721 specialem
1558 681 1929 722 auetoritateApostolica
1940 686 2005 718 fieri
2018 698 2083 718 non
2093 698 2170 718 con-

1172 724 1297 759 tigerit,
1309 723 1445 755 haeredes
1456 744 1465 758 ,
1487 723 1537 753 vel
1549 724 1709 756 debitores
1719 725 1832 762 posIint
1845 726 1940 758 libere
1951 749 1959 763 ‚
1981 728 2001 758 si
2013 739 2045 759 vt
2055 729 2168 763 nundi-

1170 764 1227 795 etis
1240 763 1383 795 fratribus
1398 767 1470 795 dare
1487 765 1571 796 dicta
1589 775 1691 796 annua
1710 766 1827 807 Legata
1843 777 1896 807 per
1919 769 2040 800 eosdem
2060 769 2170 800 tratres

1171 807 1353 845 recipienda
1364 808 1395 838 in
1406 806 1634 847 eleemosynam
1644 829 1652 842 ,
1676 817 1856 840 nouantem
1870 818 1986 847 percos
1997 812 2148 849 exigenda
2162 835 2170 842 .

1172 847 1209 878 Et
1219 847 1303 887 quod
1314 850 1433 888 qiiaevis
1445 847 1601 880 extinctio
1611 870 1620 884 ‚
1630 850 1775 880 rediistio
1787 871 1795 884 ‚
1807 849 1854 880 seii
1866 851 2040 881 diminutio
2053 855 2167 885 capita-

1172 888 1220 923 lis,
1230 887 1278 919 seu
1288 891 1490 928 proprietatis
1500 889 1590 923 aliter
1602 890 1842 930 absquespeciali
1855 890 1993 924 Romani
2005 890 2169 924 Pont25cis

1172 930 1374 969 permissione
1397 929 1496 964 facta,
1518 941 1557 962 eo
1578 931 1642 970 ipso
1665 933 1747 963 nulla
1770 931 1805 963 lit
1823 952 1833 968 ,
1862 943 1921 964 nec
1945 934 2139 964 debitoribus
2160 956 2168 969 ,

1172 980 1225 1002 aut
1236 971 1308 1002 aliis
1320 972 1566 1013 quibuscumque
1575 973 1756 1013 ruffi-agetur
1768 995 1775 1003 .

1213 1011 1378 1054 Qiodqne
1396 1012 1631 1048 Commiffarii,
1653 1016 1770 1056 aliique
1788 1014 1927 1047 Ministri
1946 1016 2174 1049 Ven-Fabricae

1173 1053 1259 1093 super
1269 1053 1445 1092 hujusmodi
1458 1055 1590 1094 capitale
1600 1077 1609 1091 ,
1619 1054 1669 1086 seu
1680 1058 1872 1097 proprietate
1881 1057 2051 1099 supradiss'a
2061 1080 2071 1094 ,
2092 1059 2119 1089 se
2134 1059 2173 1089 de

1173 1104 1289 1126 caetero
1299 1105 1363 1126 non
1376 1096 1612 1132 intromittant,
1634 1098 1969 1133 necdictoshaeredes,
1993 1099 2174 1132 seudebito-

1172 1145 1221 1167 res
1230 1136 1337 1176 aliquo
1348 1138 1446 1168 modo
1458 1137 1642 1174 molestent,
1665 1138 1721 1169 nisi
1740 1141 1776 1169 ad
1794 1140 1938 1171 effectum
1950 1141 2174 1174 reinvefliendi

1172 1179 1204 1208 in
1217 1176 1290 1208 casu
1302 1177 1566 1213 reinvestimenti‚
1579 1178 1627 1210 seu
1637 1182 1823 1218 providendi
1834 1203 1843 1214 ,
1867 1192 1898 1211 ut
1910 1182 2172 1217 conservetur,ut

1172 1216 1274 1257 supra,
1298 1227 1351 1249 aut
1369 1218 1443 1249 alias
1460 1220 1491 1250 in
1510 1223 1738 1252 executionem
1751 1222 1970 1261 applicationis
1981 1224 2172 1256 auctoritate

1172 1258 1356 1299 Apostolica
1372 1258 1445 1291 faci.
1455 1260 1504 1291 vel
1516 1259 1627 1291 facien.

1216 1300 1349 1341 thuod
1369 1301 1552 1333 nolentibus
1572 1303 1619 1333 dd.
1631 1303 1820 1339 haeredibus,
1843 1305 1891 1336 vel
1911 1306 2106 1339 debitoribus
2122 1309 2174 1338 da-

1172 1352 1206 1374 re
1216 1342 1396 1382 supradictis
1412 1341 1558 1375 fratribus
1576 1345 1625 1375 dd.
1639 1344 1849 1387 eleemosynas
1861 1367 1871 1381 ,
1893 1346 1941 1378 seu
1966 1357 2083 1379 annuas
2101 1358 2175 1389 prze-

1173 1384 1342 1419 stationes,
1365 1383 1428 1416 five
1447 1382 1564 1425 Legata
1580 1394 1614 1416 ut
1629 1385 1715 1426 supra
1733 1388 1869 1422 solvere,
1893 1388 1940 1419 vel
1954 1389 2041 1424 illas,
2062 1388 2175 1421 senilia

1173 1436 1239 1457 tion
1248 1425 1462 1461 solventibus,
1485 1435 1561 1457 tunc
1572 1428 1655 1460 &eo
1667 1427 1734 1459 casu
1746 1427 1964 1469 lapsisduobus
1981 1432 2071 1462 annis
2090 1432 2106 1462 a
2122 1432 2174 1462 die

1173 1467 1277 1498 obitus
1293 1466 1513 1503 Testatorum,
1537 1467 1557 1498 si
1575 1467 1670 1500 fuerit
1689 1479 1881 1502 maturatum
1892 1471 2047 1512 Legatum
2059 1493 2067 1507 ‚
2090 1472 2139 1504 vel
2158 1471 2174 1503 a

1172 1510 1223 1540 die
1244 1518 1407 1540 maturatae
1429 1510 1513 1541 illius
1535 1509 1721 1547 solutionis,
1744 1513 1852 1543 eadem
1876 1511 2010 1549 fabrica,
2033 1516 2066 1546 &
2092 1514 2176 1545 illius

1170 1549 1407 1587 Commiffarii,
1429 1552 1464 1583 &
1484 1551 1620 1583 Ministri
1639 1553 1670 1585 id
1691 1561 1813 1589 totum,
1839 1556 1923 1595 quod
1950 1555 2087 1587 solutum
2110 1566 2176 1587 non

1171 1591 1265 1623 fuerit
1277 1601 1334 1631 pro
1344 1594 1523 1631 praeterito,
1545 1602 1792 1634 proratatamen
1805 1616 1813 1630 ,
1836 1596 1868 1626 in
1887 1606 1948 1637 qua
1967 1595 2060 1630 fuerit
2080 1606 2113 1628 ut
2132 1596 2177 1628 su-

1172 1643 1225 1673 pra
1237 1633 1370 1676 elapsum
1381 1633 1564 1670 biennium,
1588 1635 1637 1667 vel
1650 1635 1750 1673 ultra,
1770 1636 1864 1677 pofflt
1885 1640 1918 1671 δε
1937 1638 2038 1672 valeat
2055 1648 2175 1671 annuas

1171 1674 1384 1715 praestationes
1394 1675 1705 1719 hujusmodiexigere
1716 1700 1725 1715 ‚
1750 1678 2006 1720 exigiquefacere
2019 1682 2056 1712 ad
2073 1680 2116 1712 sui
2127 1681 2175 1712 be-

1172 1716 1438 1757 neflciuni‚juxta
1451 1717 1516 1748 suas
1527 1717 1708 1755 facultates,
1732 1722 1765 1753 &
1783 1720 1968 1762 Privilegia:
1992 1722 2076 1753 salvo
2100 1722 2174 1753 sem-

1171 1767 1225 1797 per
1237 1759 1381 1798 capitali,
1402 1758 1452 1790 seu
1462 1761 1653 1799 proprietate
1665 1781 1673 1794 ‚
1696 1761 1824 1801 utsupra
1834 1784 1843 1798 ,
1855 1765 1891 1795 ad
1903 1763 2051 1795 effeerum
2062 1784 2070 1798 ,
2088 1765 2172 1804 quod

1171 1800 1330 1836 haeredes,
1350 1799 1400 1830 vel
1419 1801 1600 1843 debitores(
1612 1803 1788 1835 dummodo
1804 1805 1843 1835 de
1861 1805 1906 1835 eis
1924 1814 1977 1844 per
1986 1805 2173 1839 Romanum

1169 1840 1360 1873 Pontificem
1369 1851 1427 1881 pro
1438 1852 1580 1882 tempore
1590 1844 1774 1877 existentem
1787 1844 1877 1877 aliter
1888 1856 1953 1877 non
1963 1845 2058 1879 fuerit
2072 1845 2173 1887 dispo-

1170 1883 1280 1917 titum,
1303 1893 1361 1914 nec
1372 1884 1516 1923 praedic‘ta
1528 1884 1645 1924 Legata
1664 1887 1695 1916 in
1717 1886 1796 1918 alios
1813 1887 1880 1918 usus
1899 1889 1963 1928 ejus
1982 1888 2173 1921 austeritate

1170 1924 1324 1965 applicata
1335 1923 1463 1959 fuerint,
1475 1925 1522 1956 vel
1535 1926 1683 1965 applicari
1695 1929 1877 1970 contigerit)
1887 1929 2044 1969 poffint‚s1
2056 1931 2172 1965 velint,

1169 1968 1423 2007 quandocunque
1433 1965 1545 1998 futuris
1555 1968 1770 2007 temporibus,
1791 1971 1824 2001 &
1837 1969 1877 2001 sic
1886 1971 2036 2012 deinceps
2053 1973 2086 2003 in
2106 1982 2174 2012 per-

1168 2017 1298 2048 petuum
1309 2008 1383 2038 dare
1393 2007 1488 2039 dietis
1498 2007 1646 2039 fratribus
1654 2009 1740 2041 dicta
1751 2021 1854 2042 annua
1864 2010 1981 2052 Legata
1993 2014 2024 2045 in
2036 2013 2172 2045 eleemo-

1168 2049 1272 2092 synam
1284 2070 1293 2083 ,
1315 2048 1448 2089 utsupra
1457 2070 1466 2084 ,
1488 2059 1547 2080 nec
1556 2049 1682 2081 Fabrica
1692 2051 1816 2083 eosdem
1827 2052 1964 2085 baeredes
1975 2054 2040 2090 ,vel
2051 2055 2171 2087 debito-

1168 2101 1216 2121 res
1228 2090 1392 2122 molestare
1402 2090 1510 2131 possit,
1535 2091 1677 2123 &valeat
1687 2094 1785 2125 toties
1796 2115 1804 2128 ,
1825 2096 1858 2126 &
1869 2097 1995 2136 quoties
2005 2096 2089 2128 casus
2098 2108 2170 2129 con—

1167 2133 1273 2173 tigerit
1283 2153 1291 2167 ,
1312 2131 1367 2163 nisi
1378 2141 1434 2172 pro
1445 2133 1623 2173 prseterito,
1636 2135 1670 2165 Β(
1681 2143 1755 2166 tunc
1765 2137 1796 2166 in
1809 2135 1869 2168 illis
1880 2139 2022 2170 terminis
2035 2140 2171 2173 tantum,

1168 2173 1232 2214 post
1242 2182 1376 2214 quorum
1391 2175 1635 2207 maturationem
1656 2174 1748 2208 fuerit
1764 2177 1898 2217 elapsum
1916 2180 2097 2215 biennium,
2120 2182 2170 2212 vel

1166 2215 1248 2246 ultra
1261 2236 1271 2251 ,
1290 2214 1439 2255 utsupra,
1463 2216 1542 2248 salva
1551 2216 1669 2257 semper
1679 2218 1841 2252 erectione
1859 2220 2110 2257 Beneficiorum,
2135 2224 2170 2254 &

1165 2257 1376 2297 applicatione
1384 2256 1575 2298 Legatorum
1584 2280 1592 2294 ,
1605 2260 1654 2291 seu
1663 2270 1935 2304 quorumcumque
1946 2264 2103 2295 bonorum
2114 2285 2122 2298 ,
2135 2265 2169 2296 &

1168 2300 1348 2330 reddituum
1360 2321 1369 2335 ,
1393 2301 1553 2338 acjtirium
1563 2302 1696 2342 ejusdem
1707 2303 1892 2340 Beneficiis,
1916 2306 1963 2336 seu
1982 2306 2051 2337 aliis
2069 2305 2170 2337 usibus

1166 2339 1617 2381 pnsauetoritareApostolica
1628 2341 1708 2375 facta
1725 2366 1732 2378 ,
1752 2346 1803 2376 vel
1816 2348 1846 2376 in
1860 2347 2014 2386 posterum
2031 2349 2171 2388 quando-

1167 2384 1843 2424 cumque,&quomodocumquefacienda,
1867 2389 1900 2420 &
1918 2391 2106 2420 executione
2123 2388 2171 2419 lit-

1166 2432 1303 2454 terarum
1320 2423 1575 2463 Apostolicarum
1590 2426 1718 2466 desuper
1747 2429 1982 2467 expeditarum,
2004 2430 2053 2460 seu
2078 2439 2168 2468 expe·

1166 2465 1369 2501 diendarum3
1393 2466 1472 2496 itaut
1491 2465 1617 2504 praesata
1633 2469 1759 2499 decreta
1783 2471 1818 2499 ad
1837 2469 1904 2500 illas
1920 2479 2116 2511 nequaquam
2139 2470 2168 2501 se

1167 2506 1357 2539 extendant,
1379 2505 1499 2537 sedillae
1511 2506 1750 2545 semperfirmae,
1771 2513 1804 2541 &
1818 2510 2165 2546 :llaesaeremaneantmc

1166 2547 1236 2578 suos
1259 2546 1433 2586 plenarios,
1457 2549 1490 2578 &
1511 2550 1653 2589 integros
1675 2550 1802 2581 effecius
1826 2550 1926 2582 sortiri
1949 2552 2101 2587 debeant,
2123 2556 2167 2584 ira

1164 2589 1248 2629 quod
1260 2597 1360 2627 neque
1369 2588 1514 2623 Fabrica,
1536 2599 1638 2629 neque
1650 2589 1784 2623 bxi-edes
1797 2613 1806 2626 ,
1830 2592 2044 2626 veldebitores
2061 2593 2167 2633 praefa-

1165 2632 1206 2665 ti,
1229 2629 1663 2670 ullomodoillasimpedire.
1683 2634 1865 2669 retrastare,
1888 2634 1936 2666 vel
1949 2645 2165 2666 controverte-

1165 2682 1198 2702 re
1207 2670 1350 2706 valeant,
1374 2670 1505 2703 &salvis
1517 2672 1634 2712 semper
1644 2674 1731 2706 Sedis
1743 2674 1936 2714 Apostolicae
1945 2677 2133 2708 aueimiraze
2153 2697 2163 2711 ,

1165 2722 1201 2743 ac
1223 2711 1422 2744 facultatibus
1452 2723 1631 2754 competen.
1652 2715 1745 2748 dietae
1773 2717 1875 2750 Sacra:
1903 2717 2160 2758 congregationi

1165 2755 1246 2786 Ven·
1258 2753 1396 2785 Fabricae
1407 2775 1414 2783 .

1203 2794 1368 2827 Proliibuit
1377 2805 1483 2828 tamen
1496 2799 1604 2830 eadem
1614 2798 1708 2831 Sacra
1718 2800 1940 2840 Congregatio
1949 2800 2106 2831 Fratribus
2118 2799 2161 2832 su·

1162 2835 1311 2878 pradiCtis
1327 2837 1377 2868 snb
1395 2848 1490 2877 poena
1507 2843 1853 2873 excommunicationis
1869 2840 1934 2880 ipso
1953 2840 2038 2872 facto
2057 2843 2161 2872 incur-

1162 2880 1277 2912 tenda,
1300 2889 1338 2910 ne
1357 2881 1508 2915 audeant,
1533 2879 1581 2911 sen
1601 2883 1800 2921 praesumant,
1825 2892 1882 2913 nec
1897 2882 2028 2921 quilibet
2047 2892 2158 2915 eorum

1163 2922 1289 2955 audeat,
1311 2921 1358 2951 sen
1369 2920 1530 2960 praesumat
1542 2931 1596 2961 per
1605 2922 1632 2952 se
1641 2944 1650 2957 ,
1662 2933 1720 2954 nec
1731 2933 1783 2963 per
1790 2924 1868 2954 alios
1877 2923 2032 2963 Syndicos
2042 2946 2050 2958 ‚
2061 2924 2159 2956 Mini-

1162 2962 1238 2993 stros
1250 2983 1258 2996 ,
1276 2961 1324 2993 seu
1335 2961 1558 2994 Procuratores
1569 2972 1631 2994 tam
1641 2964 1797 2995 saeculares
1807 2966 1918 3004 ‚quam
1932 2963 2106 3003 Regulai-es
2115 2968 2158 2998 di·

1160 3003 1589 3042 stasannuaspraestationcs,
1613 3004 1661 3035 seu
1672 3004 1805 3043 Legata,
1825 3006 2158 3046 necjndicialitertam

1162 3055 1270 3077 coram
1294 3053 1495 3085 quocumque
1515 3044 1625 3083 Judice
1646 3045 1862 3077 Ecclesiastico
1884 3067 1893 3080 ,
1922 3045 2016 3086 quam
2039 3047 2157 3080 iacula-

1161 3088 1187 3118 ri
1209 3086 1402 3120 Ordinatio,
1425 3085 1472 3115 vel
1496 3085 1660 3125 delegato,
1685 3097 1744 3118 nec
1765 3086 1906 3118 aliasnifi
1925 3089 2008 3126 juxta
2020 3088 2156 3122 formam

1160 3129 1237 3160 disti
1267 3127 1396 3158 Decreri
1424 3125 1694 3166 congregationis
1729 3127 1871 3160 Fratrum
1916 3129 2081 3162 Minorum
2118 3134 2157 3164 de

1160 3169 1368 3202 observantia
1389 3168 1419 3199 S.
1441 3168 1594 3198 Francisci
1617 3167 1834 3201 Cistnontanae
1855 3169 1981 3203 familiae
2000 3170 2156 3205 asaneus-

1162 3210 1241 3241 fimo
1263 3209 1304 3240 D.
1315 3209 1541 3247 N.deputatae,
1563 3208 2012 3252 abliatredibusseuquibusvis
2023 3215 2094 3246 aliis
2106 3226 2157 3247 eo-

1161 3262 1232 3284 rum
1262 3249 1456 3280 debitoribus
1484 3258 1590 3288 petere
1611 3271 1620 3284 ,
1652 3251 1792 3283 mitiusve
1823 3254 1875 3285 dd.
1907 3254 2079 3287 liaeredibus
2106 3258 2155 3288 seu

1161 3292 1354 3325 debitoribus
1382 3289 1485 3321 facere
1515 3290 1633 3331 aliquas
1672 3301 1833 3332 receptitas
1872 3305 1929 3335 pro
1964 3297 2014 3328 dd.
2045 3301 2154 3329 annuis

1162 3331 1424 3374 praestationibus,
1447 3330 1500 3362 nisi
1512 3341 1568 3369 pro
1578 3342 1661 3366 rata,
1683 3335 1717 3366 δέ
1729 3338 1862 3374 pecunia
1874 3337 1942 3371 ‚seu
1950 3338 2155 3376 eleemosynis

1163 3372 1344 3414 supradictis
1362 3382 1434 3404 cuni
1444 3372 1556 3404 effectu
1568 3394 1577 3407 ,
1594 3384 1629 3405 ac
1639 3375 1713 3407 vert}
1723 3397 1731 3411 ,
1753 3378 1786 3409 &
1797 3377 1920 3410 realiter
1931 3379 2045 3411 eisdem
2056 3377 2153 3411 fratri-

1162 3417 1217 3448 bus
1239 3415 1325 3447 data,
1347 3413 1395 3445 vel
1417 3413 1533 3449 soluta,
1556 3414 1605 3446 sen
1625 3417 1724 3452 datis,
1748 3420 1797 3449 vel
1819 3418 1944 3457 solutis,
1968 3421 2153 3453 necsubalia

1161 3459 1250 3492 data,
1273 3454 1390 3487 nisisub
1402 3465 1456 3490 ea,
1478 3465 1538 3497 qua
1548 3456 1724 3491 vere-fuerit
1736 3459 1840 3492 iisdem
1853 3462 2153 3499 l‘atribu5‚aiitaliis

1845 3502 1867 3535 P
1910 3514 1927 3534 2
2020 3527 2027 3534 .
2055 3513 2111 3543 pro
