2353 3652
57 1307 96 1339 11.

56 1516 107 1548 111.

53 1642 106 1674 IV.

55 1970 110 2001 VI.

52 2094 121 2126 VII.

752 97 838 152 De
858 96 1092 152 Privilte.
1114 92 1248 150 Ct'un
1269 95 1516 166 Capella.

137 185 313 218 nostrorum
336 184 437 218 statuti
454 206 463 221 ‚
485 182 705 215 declarationis
724 205 733 219 ,
754 185 955 215 decretorum
970 203 980 217 ‚
1001 184 1130 225 deroga·

139 228 254 260 rionis,
275 224 866 265 mandati,³&volunratisinfringere,
889 223 936 254 vel
959 225 988 254 ei
1008 225 1130 257 ausute-

138 270 275 299 mei-atio
285 271 442 300 contraire
450 267 498 299 .Si
507 268 577 307 quis
586 275 690 299 autem
701 266 761 297 hoc
772 274 927 296 attentare
938 265 1128 305 praesumpse-

139 311 191 342 rit,
203 311 451 349 indignationem
460 307 703 346 Omnipotentis
712 307 791 341 Dei,
802 317 838 338 ac
850 309 1016 338 sseatorum
1027 306 1130 342 Petri,

140 352 173 382 &
184 349 267 382 Pauli
277 351 500 389 Apostolorum
511 349 576 387 ejus
586 369 594 382 ‚
611 348 639 379 se
651 351 774 379 noverit
787 346 982 378 incursurum
993 347 1128 380 ‚Datum

137 391 253 423 Roma:
263 394 341 432 apud
357 391 505 424 Sandhim
522 390 647 422 Petrum
666 399 749 419 anno
767 389 999 420 Incarnationis
1016 388 1130 421 Domi-

139 435 216 464 nicae
237 433 283 464 M.
300 432 372 465 Dc.
387 433 490 465 XXII.
506 432 612 465 Nonis
632 431 809 466 Februarii,
829 428 1034 462 pontificatus
1057 431 1127 464 No-

140 473 469 547 ssrrAnnssSecundo.

220 516 258 548 V.
302 525 342 547 at.

273 613 276 616 ⁴
302 598 380 630 S.de
389 598 515 631 Ursinis
525 622 532 629 .

301 678 478 721 Registrata
487 682 520 713 in
529 682 704 716 Secretaria
712 682 858 715 Brevium
871 702 878 710 ·

136 802 611 841 DECLARATIONES
642 805 901 851 ALIQUOT
939 804 1130 841 SACRAE

416 848 689 890 congregationis
712 849 854 883 concilii

232 933 330 971 Super
340 930 666 971 Constitutionesanc'l.
675 942 762 964 mem.
773 932 917 969 Gregorii
923 931 992 966 XV.
1001 930 1038 963 de

387 982 592 1014 exemPtorum
600 974 777 1013 privilegiis
785 995 795 1009 ‚
817 974 879 1007 &a

193 1056 283 1089 Osita
295 1056 442 1098 ejusmodi
453 1055 703 1091 Constitutione,
713 1056 869 1087 dubitatur
879 1076 889 1090 ,
898 1066 937 1087 an
949 1055 1041 1086 liceat
1052 1054 1133 1093 Epis-

136 1067 185 1133 P
209 1100 297 1138 copis
307 1097 427 1129 visitare
437 1098 545 1128 altaria
556 1097 749 1137 regularium
770 1095 996 1132 Ecclefiarum,
1017 1098 1130 1136 quibus

136 1142 210 1172 cura
219 1141 392 1171 animarum
401 1138 600 1178 personarum
611 1139 796 1170 saecularium
810 1137 1039 1169 nonincumbit
1051 1158 1060 1171 ,
1079 1146 1131 1168 aut

139 1181 226 1215 loca,
249 1181 461 1211 ubiiniisdem
471 1179 618 1212 Ecclesiis
637 1178 802 1211 asservatur
817 1178 1053 1212 §antummum
1071 1178 1132 1210 Eu-

139 1221 286 1254 charistiae
301 1221 560 1256 Sacramentum,
582 1220 631 1252 vel
648 1221 700 1252 ubi
728 1222 894 1252 audiuntur
920 1218 1131 1252 confessiones

136 1263 336 1302 personarum
348 1262 537 1294 saecularium
553 1284 560 1291 .

177 1304 230 1336 An
251 1303 396 1343 Episcopi
424 1304 539 1343 possint
560 1304 751 1344 regularibus
774 1303 988 1345 praescribere,
1010 1304 1045 1335 ut
1068 1312 1132 1334 cer-

137 1346 176 1376 tis
198 1345 320 1377 tantum
345 1347 378 1376 in
401 1345 503 1380 locis,
525 1355 560 1377 ac
583 1347 795 1385 temporibus,
819 1355 870 1377 aut
894 1354 1050 1377 certarum
1068 1354 1137 1384 per-‚

136 1387 280 1417 sonarum
303 1386 513 1418 confeffiones
535 1388 661 1418 audiant
677 1408 688 1422 ‚
718 1388 767 1418 vel
789 1387 862 1418 alias
883 1387 1011 1418 illorum
1036 1387 1131 1426 privi-

137 1428 217 1467 legia
238 1428 421 1471 restringere
436 1450 446 1464 ‚
476 1439 511 1469 ac
533 1430 690 1460 moderari
712 1431 744 1460 in
767 1429 977 1461 §aeramentis
1001 1429 1133 1459 admini-

139 1469 265 1502 strandis
278 1492 285 1499 .

178 1511 230 1543 An
247 1510 377 1543 facultas
395 1511 554 1552 Episcopis
570 1522 624 1552 per
639 1511 908 1545 constitutionem
930 1512 1078 1544 attributa
1099 1512 1132 1542 in

139 1561 302 1592 exemptos
314 1563 376 1585 tam
387 1553 651 1594 saeculares‚quam
661 1553 1026 1592 regulare-sante!ligatur
1035 1554 1076 1585 eti
1084 1562 1133 1584 am

138 1594 251 1625 tributa
261 1596 293 1626 in
306 1595 449 1635 personas
459 1595 573 1627 nullius
584 1596 749 1628 dioecesis.

176 1637 229 1668 An
239 1638 348 1668 eadem
357 1636 489 1668 facultas
498 1647 659 1677 competat
671 1636 873 1669 inferioribus
883 1636 1020 1668 Praelatis
1031 1658 1040 1672 ‚
1063 1646 1133 1676 pro-

134 1681 238 1716 prium
258 1680 475 1713 territorium,
495 1689 531 1710 ac
547 1678 794 1720 jurisdictionem
815 1678 898 1721 quafi
916 1678 1131 1718 Episcopalem

136 1718 322 1750 habentibus
332 1742 339 1750 .

177 1761 228 1792 An
245 1771 299 1800 per
310 1763 454 1793 eamdem
471 1761 743 1794 Constitutionem
760 1763 793 1793 in
810 1761 871 1793 illis
894 1762 1015 1797 verbis,
1037 1760 1132 1792 Pomt

134 1801 304 1840 Episcopus
313 1803 373 1833 una
393 1813 464 1835 cum
481 1803 688 1843 superioribus
707 1804 897 1844 regularibus
913 1812 1134 1844 quarumcum-

136 1852 197 1882 que
212 1843 460 1879 Abbatissarnm‚
483 1844 762 1877 &c.elestionibus
772 1853 825 1884 per
837 1845 882 1880 se,
903 1844 952 1875 vel
965 1853 1018 1883 per
1037 1844 1132 1875 alium

135 1886 331 1918 interesse‚ac
341 1884 737 1926 praesitlere3jusAbbatisl'as
749 1885 959 1918 confirmandi
970 1885 1132 1925 Episcopis

140 1926 326 1956 attributum
338 1926 512 1958 censeatur.

179 1967 230 1999 An
246 1966 454 1999 confessores
474 1969 664 2001 Monialium
690 1979 762 2001 ante
785 1971 901 2000 editam
924 1967 1133 2000 Constitutio-

138 2017 211 2079 ssem
226 2010 384 2049 deputati,
408 2010 540 2042 debeant
551 2011 587 2041 ab
596 2010 750 2050 Episcopo
762 2011 934 2042 examinari
944 2031 954 2045 ‚
978 2012 1010 2042 &
1021 2019 1130 2049 appro—

161 2059 203 2080 ari
215 2073 223 2080 .
799 2053 809 2063 ⁶

145 2116 147 2118 .
177 2091 231 2123 An
245 2091 432 2131 Superiores
450 2093 606 2134 regulares
624 2092 764 2124 similiter
781 2102 854 2124 anre
869 2093 962 2134 ipsius
971 2091 1133 2126 Constitu-

137 2133 234 2164 tionis
251 2133 498 2172 publicationem
516 2135 625 2171 electi,
645 2136 694 2166 seu
712 2136 870 2173 deputati,
892 2135 952 2166 alia
971 2136 1133 2173 indigeant

134 2173 275 2213 Episcopi
310 2177 536 2215 approbatione
558 2186 616 2215 pro
635 2175 882 2208 confessionibus
903 2176 1134 2209 Sanetnuonia-

134 2214 210 2247 lium
222 2215 275 2247 fibi
287 2216 492 2254 subjetstarum
501 2219 665 2250 audiendis
675 2241 682 2249 .

50 2261 135 2294 VIII.
171 2258 228 2302 ,An
251 2258 475 2291 Confemones
498 2281 508 2295 ,
542 2269 619 2300 quas
649 2261 781 2291 audiunt
812 2260 984 2300 superiores
1015 2258 1133 2298 regula-

51 2472 105 2504 IX·

54 2762 108 2795 XI.

59 3049 127 3082 XII.

135 2308 184 2330 res
207 2299 300 2332 elesti
322 2322 332 2337 ‚
362 2300 411 2331 seu
433 2302 572 2340 deputati
595 2323 604 2336 ‚
634 2301 682 2332 vel
706 2301 885 2333 confirmati
908 2323 918 2336 ,
948 2300 1012 2342 post
1034 2300 1133 2340 publi-

136 2341 297 2372 cationem
318 2362 327 2376 ,
351 2342 384 2372 δι
407 2342 567 2373 scientiam
591 2345 711 2374 tenoris
731 2342 824 2374 dicsae
844 2339 939 2374 Bullae
959 2363 968 2376 ,
992 2352 1057 2373 non
1080 2341 1133 2372 ob-

137 2389 222 2412 tenta
244 2381 388 2422 Episcopi
412 2385 654 2423 approbatione,
677 2384 736 2415 sint
758 2383 867 2418 nullae‚
889 2393 982 2424 atque
1004 2384 1100 2414 irritae
1121 2403 1131 2418 ‚

136 2432 256 2452 necne·
565 2426 575 2436 ⁴

178 2463 230 2494 An
241 2465 396 2504 regulares
405 2466 594 2506 generaliter
604 2466 640 2498 ab
651 2466 803 2506 Episcopo
821 2465 982 2506 approbati
1000 2466 1037 2496 ad
1060 2475 1134 2496 con-

135 2503 282 2536 feffiones
305 2507 504 2544 personarum
527 2508 716 2539 saecularium
741 2509 931 2543 audiendas,
952 2506 1134 2538 censeantur

135 2546 232 2577 etiam
242 2547 402 2586 approbati
410 2550 447 2580 ad
457 2551 624 2582 audiendas
635 2548 845 2581 confessiones
864 2548 1055 2581 Monialium
1078 2546 1131 2578 fibi

136 2586 338 2628 subjestarum
351 2610 358 2618 .

173 2630 224 2661 An
235 2630 385 2669 regularis
396 2632 432 2661 ad
442 2633 610 2664 audiendas
619 2631 828 2671 confessiones
838 2632 1029 2664 Monialium
1040 2631 1132 2662 unius

136 2671 322 2702 monasterii
337 2671 374 2702 ab
396 2671 766 2713 Episcopoapprobatus,
788 2673 997 2706 confessiones
1007 2673 1133 2704 Monia-

139 2712 214 2742 lium
229 2713 355 2743 alterius
366 2713 543 2745 monasterii
553 2718 660 2746 audire
671 2715 780 2754 possit.

179 2755 230 2786 An
242 2753 446 2786 confessores
464 2756 617 2795 regulares
634 2758 873 2789 extraordinarii
889 2757 978 2789 semel
998 2756 1034 2788 ab
1052 2754 1133 2795 Epis-

137 2804 220 2834 copo
241 2797 406 2834 deputati,
436 2797 470 2827 &
493 2798 652 2835 approbati
676 2799 710 2828 ad
736 2801 904 2830 audiendas
935 2798 1129 2830 Monialium

136 2836 348 2868 confemones
360 2846 417 2875 pro
426 2847 487 2868 uua
497 2837 654 2870 viceinfra
670 2849 785 2870 annum
804 2842 840 2870 ad
863 2839 1131 2880 praescriptumSa-

137 2879 182 2908 cri
201 2877 341 2910 concilii
361 2878 560 2914 Tridentini,
585 2879 716 2918 poffint,
740 2881 857 2911 virtute
874 2880 964 2912 dicke
985 2881 1133 2921 approba-

139 2920 254 2954 tionis,
277 2920 393 2959 pluries
418 2929 576 2960 tamquam
598 2919 800 2952 confessores
822 2923 1063 2954 extraordinarii
1086 2932 1132 2952 ea-

140 2962 282 3009 rumdem
305 2960 514 2994 confessiones
544 2964 650 2994 audire
679 2961 789 3002 absque
817 2973 901 2995 nova
931 2963 1073 3004 Episcopi
1098 2963 1132 2993 li-

141 3009 262 3031 centia.
740 3026 745 3033 .

184 3040 308 3075 cumin
319 3047 426 3077 eadem
435 3044 674 3077 Constitutione
685 3044 828 3076 statutum
839 3043 894 3079 sit,
911 3045 1133 3084 utliccatEpis-

145 3091 226 3120 copo
235 3093 270 3115 ex
281 3087 458 3118 rationabili
472 3088 558 3119 causa
570 3086 752 3124 Superiores
763 3085 916 3125 regulares
933 3088 1102 3118 admonere
1122 3107 1132 3120 ,

141 3133 174 3153 ut
185 3127 564 3160 amoveantConfessores
574 3127 769 3160 Monialium
784 3149 792 3161 ,
808 3126 1132 3167 atqueadministrato-

137 3174 188 3195 res
208 3164 362 3199 bonorum
379 3171 414 3201 ad
434 3171 614 3201 earumdem
634 3168 825 3200 Monialium
845 3168 1026 3199 monasteria
1041 3170 1132 3207 perti-

142 3206 306 3242 nentium,
327 3209 422 3250 iisque
442 3211 663 3250 Superioribus
687 3212 714 3241 id
734 3210 834 3240 facere
856 3210 1100 3241 detrectantibus
1125 3231 1135 3245 ‚

139 3247 247 3278 habeat
258 3247 612 3293 Episcopusfacultatem
623 3252 789 3291 praedieros
800 3250 1002 3283 Confessores
1012 3271 1020 3284 ,
1039 3253 1071 3285 ὅ(
1082 3253 1132 3282 ad-

142 3287 364 3321 ministratores
374 3296 539 3325 amovendi
551 3315 559 3329 ,
580 3293 722 3333 quoties,
745 3294 911 3333 &quando
921 3301 999 3330 opus
1015 3292 1072 3323 esse
1088 3302 1132 3334 Ju-

141 3330 312 3363 dicaverit:
334 3341 371 3363 an
383 3334 532 3371 ejusmodi
545 3335 666 3366 causam
675 3333 843 3373 Episcopus
859 3333 1077 3373 Superioribus
1087 3343 1130 3365 re-

144 3371 304 3413 gularibus
314 3370 486 3412 significare
499 3385 640 3407 teneatur
650 3396 657 3404 .

1168 182 1339 216 tisdictioui
1349 183 1504 222 regulares
1512 184 1730 224 delinquentes
1747 180 1991 220 circa.pers0nas
2010 184 2159 222 degentes

1167 228 1249 257 intra
1259 223 1619 262 septaMonasseriorum
1637 224 1851 257 Monialium,
1872 231 1923 252 aut
1947 225 2032 254 circa
2050 227 2163 256 claum-

1167 274 1234 297 ram
1244 287 1253 299 ,
1269 266 1317 296 vel
1327 265 1483 296 bonorum
1495 266 1798 298 administrationem
1810 265 1993 295 eorumdem
2004 265 2165 297 Monaste-

1167 306 1409 340 riorum‚liabeat
1420 307 1525 338 locum
1534 311 1565 338 in
1577 305 1866 342 omnibusdelistis,
1874 315 1914 338 an
1925 305 2002 337 vero
2011 306 2114 339 solum
2124 308 2159 339 iu

1167 350 1304 382 notoriis
1314 349 1329 383 ,'
1347 348 1380 378 &
1391 356 1462 378 cum
1472 347 1615 380 scandalo
1625 349 1750 388 populi.

1167 471 1632 513 SAQCONGREGATJO
1650 473 2015 508 CARDINALIUM
2028 474 2166 506 Concilii

1206 513 1398 546 Tridentini
1407 515 1609 552 Interpretum
1619 516 1733 553 censuit
1743 535 1750 547 ‚
1772 515 2095 555 Constitutionemsan.
2106 525 2164 547 me.

1207 559 1298 594 Greg.
1307 556 1376 586 XV.
1387 554 1424 585 de
1432 557 1819 594 exempmrumprtvilegns
1828 578 1836 591 ‚
1847 555 2165 597 nequaquamsubjtce-

1207 609 1240 628 re
1252 597 1414 635 Regulam
1420 604 1580 636 exemptos,
1594 597 1700 633 quibus
1708 607 1780 627 cura
1791 600 1963 629 animarum
1970 600 2167 639 personarum

1200 640 1361 680 saeculariu
1368 649 1394 668 m
1403 648 1462 669 non
1471 635 1846 676 incumbi!,Epifioporum
1853 641 2054 681 'uirisaic'ltom
2064 645 2095 672 in
2106 638 2166 677 his,

1207 691 1266 721 φα
1279 679 1554 712 'sacramentorum
1573 677 1871 718 administrationem
1889 691 2070 713 concernunt
2082 704 2091 718 ‚
2108 682 2164 713 nisi

1207 719 1274 753 clbn
1284 724 1316 752 [η
1327 724 1541 752 Sacramentls
1549 721 1683 760 personis
1694 717 1887 759 sarculo-{rubus
1905 723 2162 762 admgnlstrandis

1207 766 1303 795 iidem
1311 763 1471 802 Regulares
1479 762 1659 801 delinquunt
1672 771 1678 791 :
1704 771 1741 793 ac
1749 762 1905 802 propterea¹

1253 889 1284 921 D
1295 890 1429 930 primum
1441 888 1569 919 dubium
1581 887 1739 927 respondit
1751 908 1760 922 ,
1780 886 1940 927 Episcopis
1950 898 2015 919 non
2028 889 2121 920 licere
2131 891 2164 920 in

1264 934 1329 962 vim
1347 930 1481 971 ejusdem
1498 929 1747 962 constitutionis
1769 929 1891 960 visitare
1901 930 2006 960 altaria
2017 930 2166 961 Ecclesia-

1167 981 1237 1003 rum
1255 970 1479 1012 Regularium,
1501 972 1611 1011 quibus
1632 981 1696 1001 non
1713 972 1867 1001 incumbit
1896 973 2070 1002 animarum
2095 981 2167 1001 cura

1166 1016 1367 1052 personarum
1386 1013 1594 1047 saecularium,
1618 1023 1675 1042 nec
1694 1012 1780 1047 loca,
1805 1012 1856 1041 ubi
1875 1013 1906 1043 in
1926 1011 2031 1044 iisdem
2061 1012 2169 1044 Eccle.

1167 1053 1218 1085 siis
1242 1055 1408 1085 asservatur
1428 1053 1663 1086 Sanffiffimum
1685 1053 1882 1084 Eucharistiae
1903 1053 2164 1089 Sacramentum,

1167 1095 1216 1126 vel
1248 1095 1298 1125 ubi
1329 1094 1542 1127 confessiones
1569 1095 1770 1134 personarum
1801 1094 1994 1127 secularium
2034 1097 2166 1128 audiun-

1169 1145 1234 1167 tur.

1208 1177 1259 1209 Ad
1268 1177 1305 1208 11.
1316 1177 1386 1208 Hac
1398 1179 1430 1208 in
1441 1187 1526 1217 parte
1537 1176 1810 1209 Constitutionem
1820 1176 1895 1208 nihil
1907 1177 2068 1219 novijuris
2078 1179 2167 1209 indu-

1168 1219 1244 1251 xisse
1253 1239 1262 1253 ,
1284 1229 1342 1249 nec
1354 1218 1447 1249 ullam
1457 1228 1574 1252 novam
1585 1217 1803 1249 auctoritatem
1815 1217 1972 1256 Episcopis
1983 1221 2016 1250 in
2027 1218 2168 1259 Regula-

1167 1270 1216 1291 res
1234 1260 1422 1291 attribuisse:
1443 1259 1620 1299 ideoquein
1641 1261 1706 1290 vim
1724 1259 1817 1298 ipsius
1834 1259 2081 1291 constitutionis
2100 1272 2167 1292 non

1168 1302 1252 1341 posse
1261 1300 1432 1341 Episcopos
1443 1300 1650 1338 Regularibus
1661 1300 1854 1339 praescribere
1866 1321 1874 1334 ‚
1895 1309 1929 1330 ut
1940 1304 2032 1332 certis
2043 1304 2168 1334 tantum

1167 1345 1201 1374 in
1212 1343 1292 1374 locis
1301 1363 1308 1376 ,
1319 1353 1354 1374 ac
1367 1345 1561 1383 temporibus
1572 1364 1580 1376 ‚
1598 1351 1650 1372 aut
1661 1351 1816 1372 certarum
1826 1341 2029 1380 personarum
2038 1342 2170 1375 confes-

1169 1384 1270 1416 slones
1282 1386 1428 1418 audiant,
1454 1384 1500 1415 vel
1513 1382 1898 1423 aliasillorumprivilegia
1911 1385 1942 1413 in
1959 1384 2172 1415 sacramentis

1169 1426 1418 1457 administrandis
1427 1425 1626 1466 restringere,
1639 1434 1691 1456 aut
1701 1425 1858 1455 moderari
1869 1445 1876 1452 .
1898 1423 1999 1466 Qiod
2013 1425 2032 1455 si
2045 1423 2172 1456 aliunde}

1168 1468 1328 1508 Epil'copis
1340 1467 1512 1508 hujusmodi
1523 1467 1652 1498 facultas
1663 1474 1822 1505 competat
1831 1487 1840 1501 ‚
1862 1465 1946 1498 illam
1958 1477 2023 1499 non
2034 1465 2120 1500 fuisse
2132 1467 2169 1497 ab

1169 1511 1277 1542 eadem
1287 1509 1527 1541 Constitutione
1537 1509 1683 1540 sublatam
1697 1530 1704 1538 .

1208 1552 1258 1583 Ad
1268 1551 1318 1582 111.
1331 1550 1462 1583 Censuit
1472 1550 1620 1593 ejusmodi
1640 1549 1823 1581 facultatem
1840 1560 1906 1582 non
1923 1551 2059 1592 intelligi
2078 1551 2174 1584 tribu=

1169 1602 1232 1625 tam
1242 1592 1400 1632 Episcopis
1410 1595 1442 1624 in
1452 1592 1597 1633 personas
1610 1592 1723 1623 nullius
1734 1591 1879 1624 dioecefis
1891 1613 1899 1622 .

1211 1636 1260 1667 Ad
1271 1635 1325 1666 IV·
1339 1634 1415 1666 Non
1427 1643 1627 1674 competere.

1186 1687 1192 1690 ·
1210 1678 1258 1708 Ad
1270 1676 1369 1716 V.Jus
1382 1675 1591 1707 confirmandi
1606 1675 1779 1707 Abbatissas
1789 1673 1920 1708 minime
1930 1675 2023 1710 fuisse
2045 1677 2170 1718 Episco-

1169 1721 1215 1758 pis
1224 1728 1276 1758 per
1287 1717 1562 1750 constitutionem
1572 1718 1757 1748 attriburum
1767 1738 1774 1746 .

1209 1762 1258 1792 Ad
1273 1759 1326 1792 VI.
1338 1758 1543 1790 confessores
1553 1761 1680 1798 quidem
1692 1760 1957 1792 extraordinarios
1975 1761 2172 1793 Moniatlium

1169 1801 1347 1833 nullatenus
1358 1802 1444 1840 posse
1454 1801 1518 1839 post
1528 1799 1798 1831 constitutionem
1809 1801 1931 1832 illarum
1942 1802 2168 1835 Confessiones

1169 1842 1344 1879 audiremifi
1356 1843 1440 1881 prius
1451 1843 1487 1872 ab
1497 1840 1650 1880 Episcopo
1659 1842 1839 1872 dioecesano
1852 1845 1957 1874 idonei
1967 1846 2167 1885 judicentur,

1169 1887 1201 1917 ὅ(
1212 1884 1438 1923 approbentur:
1458 1882 1648 1914 Ordinatios
1660 1884 1735 1914 vero
1746 1883 1953 1916 Consessores
1964 1894 2036 1917 ante
2045 1884 2170 1918 consti-

1169 1928 1302 1958 tutionis
1311 1925 1558 1965 publicationem
1569 1926 1734 1964 deputatos
1744 1926 1832 1965 posse
1842 1947 1852 1960 ‚
1874 1929 2006 1958 durante
2029 1929 2171 1958 triennio

1169 1968 1206 1998 ab
1217 1977 1327 1998 eorum
1337 1966 1732 2005 deputationeincboaudo
1741 1987 1750 2001 ‚
1774 1976 1901 2007 pergere
1912 1970 1943 1999 in
1954 1967 2168 2000 Confessioni-

1169 1998 1533 2040 brissanffimonialium
1545 2009 1726 2041 audiendis,
1748 2008 1859 2048 absque
1870 2009 1932 2040 alio
1949 2012 2093 2041 examine
2104 2031 2112 2045 ,
2136 2012 2169 2042 ὃς

1169 2050 1395 2090 approbatione
1407 2049 1564 2088 Episcopi.
1587 2047 1687 2091 Qiod
1700 2047 1720 2079 si
1731 2052 1917 2089 contingat,
1938 2060 1972 2081 ut
1991 2051 2116 2082 illorum
2128 2052 2168 2082 sa-

1169 2092 1268 2123 cultas
1278 2089 1295 2122 a.
1305 2091 1385 2122 Sede
1394 2090 1579 2129 Apostolica
1590 2091 1668 2120 ultra
1681 2092 1851 2121 triennium
1860 2101 2047 2133 prorogetur
2059 2114 2068 2128 ‚
2090 2103 2166 2125 runc

1168 2133 1278 2165 debere
1288 2142 1342 2163 eos
1353 2133 1388 2162 ab
1398 2131 1554 2171 Episcopo
1562 2134 1734 2163 examinari
1746 2152 1755 2166 ‚
1773 2133 1807 2164 δε
1817 2136 1980 2172 approbari
1990 2156 1997 2163 .

1209 2174 1259 2206 Ad
1279 2174 1348 2205 VII.
1365 2174 1550 2213 Superiores
1567 2175 1593 2205 R
1603 2173 1743 2213 egulares
1771 2174 1910 2210 electos,
1933 2175 1982 2207 seu
2003 2177 2169 2216 deputatos

1169 2225 1243 2247 ante
1267 2215 1358 2255 ipsius
1381 2214 1630 2247 Constitutionis
1654 2214 1902 2253 publicationem
1919 2238 1928 2251 ,
1960 2218 2072 2257 quibus
2093 2219 2168 2249 alio-

1169 2260 1245 2298 quin
1256 2255 1945 2295 facultascompetataudiendiConfeffiones
1969 2260 2165 2291 Monialium

1169 2299 1223 2330 sibi
1242 2297 1464 2340 subjectarum,
1488 2298 1573 2337 posse
1585 2319 1593 2331 ,
1615 2299 1746 2329 durante
1763 2308 1873 2330 eorum
1894 2299 2022 2336 officio,
2040 2311 2169 2341 pergere

1169 2340 1233 2371 sine
1243 2339 1454 2379 aliaEpiscopi
1473 2339 1699 2378 approbatione
1716 2341 1748 2370 in
1766 2339 2026 2374 confessionibus
2043 2344 2171 2373 audien-

1169 2384 1217 2413 dis
1235 2382 1359 2412 illarum
1379 2382 1522 2415 tantum,
1545 2390 1611 2421 quae
1631 2380 1758 2420 sponte,
1780 2392 1815 2412 ac
1832 2385 1964 2422 proprio
1982 2394 2070 2415 motu
2091 2386 2119 2414 id
2131 2384 2167 2414 ab

1170 2425 1216 2454 eis
1234 2424 1399 2462 petierint.
1422 2423 1465 2454 At
1478 2422 1557 2453 vero
1574 2432 1628 2453 eos
1640 2443 1648 2456 ‚
1670 2423 1723 2462 qui
1744 2423 1810 2461 post
1829 2423 2168 2456 Constitutionemeli-

1168 2473 1300 2504 genuit,
1322 2472 1374 2493 aut
1395 2464 1626 2502 quoquomodo
1648 2463 1894 2501 deputabuntur,
1916 2465 1964 2496 vel
1987 2467 2039 2504 qui
2063 2468 2095 2495 in
2114 2475 2168 2495 eo-

1169 2515 1239 2536 rum
1261 2503 1374 2534 officiis
1392 2525 1401 2536 ‚
1425 2503 1475 2533 seu
1497 2503 1703 2543 dignitatibus
1719 2524 1728 2538 ‚
1752 2504 1876 2543 expleto
1897 2506 1960 2545 jam
1987 2515 2130 2545 tempore
2144 2508 2168 2536 'a

1169 2545 1459 2578 constitutionibus
1469 2544 1611 2584 cujusque
1622 2543 1756 2575 Ordinis
1772 2566 1782 2580 ,
1798 2546 1847 2577 vel
1857 2546 1933 2577 alias
1944 2546 2085 2587 legitime
2094 2557 2168 2586 prce-

1171 2588 1263 2618 finito
1282 2607 1290 2619 ‚
1325 2589 1360 2616 ad
1383 2586 1464 2616 aliud
1488 2594 1608 2624 tempus
1638 2585 1910 2619 confirmabuntur
1927 2609 1936 2623 ,
1969 2599 2008 2619 ne
2034 2598 2166 2630 unquam

1169 2628 1257 2668 posse
1274 2626 1574 2659 Sanclr-imonialium
1592 2625 1814 2659 Confesliones
1831 2630 1953 2665 audire,
1977 2632 2008 2660 ni
2026 2640 2034 2660 i
2055 2631 2166 2669 prius-i

1168 2670 1358 2702 Dioecesano
1368 2668 1638 2708 Episcopoidonei
1649 2669 1799 2709 judicati,
1820 2679 1913 2711 atque
1923 2672 2084 2711 approbati
2101 2670 2164 2702 fue-

1167 2721 1248 2745 rint.

1208 2753 1260 2785 Ad
1278 2751 1360 2789 VIII.
1376 2749 1598 2784 confessiones
1613 2751 1788 2793 hujusmodi
1806 2753 1924 2790 nullas,
1948 2763 2040 2794 atque
2058 2754 2165 2785 irritas

1168 2796 1248 2827 esse·
1376 2818 1383 2825 .

1209 2838 1258 2868 Ad
1270 2837 1322 2867 IX.
1334 2835 1509 2877 Regulares
1517 2835 1704 2875 generaliter
1714 2836 1749 2867 ab
1760 2836 1912 2876 Episcopo
1930 2836 2118 2875 approbatos
2127 2838 2166 2869 ad

1166 2877 1390 2910 Confessiones
1406 2876 1606 2917 personarum
1626 2877 1816 2908 secularium
1841 2879 2028 2912 audiendas,
2051 2889 2163 2919 nequa-

1167 2930 1262 2961 quam
1272 2919 1586 2958 cenleriapprobatos
1598 2919 1633 2947 ad
1653 2920 1822 2949 audiendas
1846 2917 2070 2949 confessiones
2093 2921 2167 2953 Mo-

1167 2962 1298 2993 nialium
1311 2960 1364 2992 sibi
1374 2959 1577 3001 subjecrarum
1587 2969 1596 2994 3
1608 2958 1654 2988 sed
1665 2968 1757 2998 egere
1768 2961 1870 2999 quoad
1880 2959 1940 2990 hoc
1949 2959 2071 2999 speciali
2083 2962 2163 3002 Epis-

1168 3006 1239 3042 copi
1251 3003 1478 3041 approbatione
1491 3021 1498 3027 .

1210 3045 1259 3076 Ad
1281 3045 1321 3075 X.
1344 3042 1532 3082 Regularem
1557 3041 1592 3071 ad
1615 3041 1784 3071 audiendas
1802 3040 2024 3074 Confessiones
2035 3043 2161 3076 Monia.

1169 3086 1247 3117 lium
1268 3086 1359 3117 unius
1381 3082 1559 3124 monasterii
1583 3081 1619 3111 ab
1642 3081 1794 3121 Episcopo
1817 3084 2020 3121 approbatum
2037 3107 2046 3120 ,
2069 3089 2162 3118 mini-

1168 3127 1219 3159 me*-
1238 3126 1320 3165 posse
1339 3125 1442 3155 audire
1458 3121 1680 3154 consessiones
1699 3122 1890 3154 Monialium
1913 3125 2039 3158 alterius
2057 3137 2162 3160 mona-

1168 3168 1250 3199 sterii
1261 3188 1268 3195 .

1210 3209 1258 3240 Ad
1277 3207 1332 3238 XI.
1351 3204 1556 3237 Confessores
1572 3205 1840 3238 extraordinarios
1856 3206 1947 3239 semel
1963 3210 2129 3250 deputatos
2150 3236 2159 3247 ,

1169 3259 1258 3289 atque
1268 3247 1453 3286 approbatos
1463 3246 1498 3276 ab
1510 3245 1662 3283 Episcopo
1673 3249 1706 3276 ad
1730 3247 1923 3280 Monialium
1939 3249 2160 3285 Confessiones

1167 3301 1224 3330 pro
1234 3299 1294 3320 una
1304 3289 1372 3318 vice
1384 3288 1569 3320 audiendas,
1593 3286 1672 3317 haud
1682 3288 1768 3325 posse
1785 3289 1898 3328 pluries
1918 3292 1949 3323 in
1969 3294 2034 3324 vim
2050 3303 2159 3333 appro-

1168 3331 1304 3363 bationis
1314 3328 1462 3369 ejusmodi
1474 3328 1595 3358 illarum
1607 3327 1829 3362 consessiones
1839 3333 1944 3364 audire
1953 3345 1961 3370 3
1971 3332 2018 3365 sed
2030 3335 2067 3366 ab
2077 3336 2157 3376 Epis-

1168 3381 1249 3410 copo
1260 3372 1355 3401 toties
1365 3369 1426 3401 csse
1443 3369 1677 3409 approbandos,
1696 3373 1826 3411 quoties
1844 3374 1927 3406 casus
1943 3377 2154 3416 deputationis

59 3415 142 3448 XIII.
186 3415 356 3446 Aneadem
367 3413 581 3454 Constitutio,
602 3427 661 3457 qua
671 3416 907 3456 partesupponit
925 3414 1068 3456 Episcopi
1089 3419 1131 3458 {u-
1171 3412 1361 3452 contigerit.

223 3455 468 3495 prosp-Fagnan.
480 3459 512 3489 in
520 3460 559 3489 V.
571 3459 641 3490 Lib.
655 3459 813 3491 Decreeal.

1825 3455 1858 3488 R
2066 3458 2115 3490 Ae
