2353 3652
54 1263 89 1294 51

55 2633 92 2669 52

660 124 747 179 De
767 123 945 178 exceff.
966 122 1159 176 Praelar.
1173 138 1218 174 c.
1232 121 1396 180 Nimis
1414 139 1571 194 prava
1590 135 1604 174 .’

155 214 314 247 Articulus
344 215 382 247 11.
405 215 456 247 An
483 216 520 245 ad
550 213 636 245 hunc
659 214 803 245 effe-Cium
826 211 940 251 possint
961 211 1106 242 eamdem

117 258 340 296 proprietatem
361 258 393 288 in
416 256 533 297 judicio
557 262 663 295 petere
685 264 738 294 per
758 254 930 295 Syndicum
952 251 1108 291 Apostoli-

120 307 208 328 euni.

159 339 321 371 Articulus
343 339 395 372 111.
417 339 467 370 An
487 337 602 378 poffint
618 336 705 368 illam
722 344 910 367 convertere
923 335 955 366 in
966 335 1032 365 usus
1041 334 1109 366 Fra-

118 388 200 411 trum
213 401 220 409 .
567 392 571 397 -

159 421 321 455 Atticulus
330 422 385 454 IV.
395 421 432 454 Et
442 420 515 461 quid
530 420 549 450 fi
561 420 713 460 coeperint
724 418 850 449 illorum
862 427 979 449 annuas
991 415 1107 456 praesta—

118 464 221 495 tiones
232 465 374 503 accipere
384 485 392 493 .
988 498 994 506 ·

158 504 321 537 Articulus
337 504 375 535 V.
394 504 445 536 An
462 502 576 543 poffint
593 504 713 535 Fratres
722 499 1046 541 exigerejudicialiter
1057 506 1109 529 an-

117 555 194 577 nuas
216 545 424 586 praestationes
444 545 630 576 eorumdem
655 543 830 584 legatorum
852 545 884 574 in
907 542 973 573 vim
996 540 1108 572 Marti-

117 597 217 618 manae
229 609 237 617 .

158 628 318 660 Articulus
336 627 389 659 Vl.
409 627 449 660 Et
466 628 541 668 quid
560 626 625 666 post
642 627 788 658 ultimum
807 625 967 657 decretum
978 623 1007 657 S.
1020 622 1110 656 Con-

115 670 310 712 gregationis
319 669 377 700 hac
387 669 424 700 de
436 677 469 700 re
481 669 601 700 editum
615 690 622 697 .

157 709 319 743 Articulus
328 710 396 741 VH.
406 709 457 742 An
467 710 586 742 Fratres
597 719 764 742 teneantur
772 707 933 750 protestari
947 707 974 738 se
988 706 1046 739 effe
1064 707 1112 738 in-

116 761 243 792 capaces
254 753 439 783 eorumdem
451 751 643 791 legatorum.

155 792 320 824 Ar'ticulus
330 793 410 824 Vm.
422 792 472 825 An
482 793 596 832 poffint
615 792 683 824 illas
705 790 721 823 ὲ
745 792 852 831 sponte*
867 790 1014 823 dantibus
1029 789 1112 821 acci-

116 844 188 875 pere
196 843 251 873 pet
261 833 388 874 seipsos,
410 833 459 865 vel
470 834 686 876 perSyndieos
697 834 916 874 Apostolicos.

158 875 320 907 Articulus
328 875 436 908 IX.An
448 875 583 907 haeredes
595 885 759 907 teneantur
768 875 897 906 illorum
907 874 1109 915 prestationcs

114 917 274 949 Fratribus
282 917 399 948 solvere
410 928 440 948 in
451 916 522 947 foro
534 917 749 948 conscientias.

156 958 317 990 Atti-culus
326 959 367 990 X.
379 959 429 990 An
440 957 556 990 fabrica
563 958 594 990 S.
604 957 686 989 Petri
695 959 741 997 jus
751 957 858 988 habeat
871 956 924 988 sibi
939 958 1092 988 vendican
1102 974 1110 978 -

112 1000 144 1030 di
156 1000 272 1032 borum
282 1000 455 1040 legatorum
466 1000 689 1039 proprietatem
701 1007 764 1030 tam
775 998 879 1038 elapso
888 1008 972 1030 anno
985 1019 993 1033 ,
1014 997 1109 1037 quim

117 1050 207 1072 antea
220 1063 228 1071 .

157 1082 318 1115 Articulus
328 1083 383 1115 Xt.
394 1081 432 1114 Et
442 1082 515 1122 quiri
523 1083 562 1113 de
572 1082 684 1113 annuis
694 1080 940 1121 praestationibus
956 1079 1091 1112 decursis
1102 1101 1111 1115 ,

117 1124 151 1156 ἅς
165 1134 229 1155 non
242 1123 346 1155 solutis
358 1145 366 1152 .

156 1165 315 1197 Articulus
327 1165 397 1197 Ult.
408 1165 461 1197 An
470 1164 534 1196 baec
546 1165 655 1196 omnia
665 1164 836 1205 procedant
847 1164 941 1195 etiam
951 1165 984 1194 in
1003 1162 1113 1202 legatis

117 1208 227 1238 annuis
238 1207 273 1237 ad
285 1207 446 1238 modicum
458 1214 580 1244 tempus
592 1231 599 1237 .

157 1246 217 1278 Die
227 1257 256 1282 9-
265 1247 458 1286 Septembris
471 1247 652 1279 1628Saera
664 1247 885 1287 Congregatio
898 1245 1033 1283 negotiis
1043 1246 1112 1278 Fra-

118 1298 200 1319 trum
212 1286 379 1319 Minorum
387 1290 417 1321 S.
428 1291 504 1322 Fran
511 1288 580 1320 uisci
590 1290 628 1320 de
640 1287 874 1321 Obseruantia&
887 1288 918 1320 S.
929 1288 968 1319 D.
978 1287 1022 1320 N.
1040 1297 1114 1326 prze-

115 1330 214 1363 fecta,
237 1330 272 1360 ad
291 1329 428 1370 singulos
444 1330 597 1362 articulos
619 1330 756 1370 superius
776 1328 952 1370 propositos
974 1330 1009 1360 ad
1029 1328 1113 1362 hune

116 1372 247 1403 modum
260 1370 435 1411 respondit,
456 1370 625 1403 videlicet⁰
917 1378 924 1397 t
988 1370 1003 1390 ἲ·
1081 1380 1083 1383 ’
1103 1362 1116 1383 st

495 1444 701 1497 Dssinffbne
724 1458 746 1487 l,

161 1540 208 1572 Ad
220 1540 241 1571 1.
255 1538 431 1572 Articuium
442 1561 450 1575 ,
473 1541 592 1572 Fratres
601 1538 749 1572 Minores
761 1536 823 1571 tam
834 1540 872 1571 de
883 1538 1009 1573 familia,
1020 1538 1114 1579 quam

116 1581 322 1614 Reformatos
335 1582 393 1613 effe
411 1591 540 1621 capaces
556 1581 731 1621 legatorum
750 1580 906 1612 bonorum
927 1580 1094 1612 mobilium
1105 1600 1119 1616 ,ι

115 1631 184 1664 quse
194 1623 287 1654 unica
298 1622 475 1659 solutione,
497 1623 751 1662 l‘eupraesiatione
762 1623 988 1663 adimplentur,
1008 1623 1113 1653 tamin

114 1666 246 1704 pecunia
260 1673 443 1699 numerata,
464 1663 603 1705 quai-nin
613 1665 681 1695 aliis
695 1664 865 1703 speciebus,
888 1664 1114 1696 dummodota-

115 1715 188 1737 men
199 1705 373 1745 hujusmodi
387 1706 487 1746 legata
497 1705 555 1738 fint
567 1707 598 1737 in
610 1707 784 1748 quantitate
796 1707 974 1740 moderata,
998 1706 1031 1737 &
1048 1715 1113 1736 non

116 1748 148 1778 in
159 1746 300 1778 fraudem
311 1749 500 1787 paupertatis
513 1771 521 1778 .

159 1788 208 1821 Ad
217 1789 251 1820 11.
263 1788 382 1820 Fratres
395 1789 522 1829 quidem
534 1799 592 1820 nec
603 1799 656 1829 per
675 1788 802 1827 seipsos,
827 1797 886 1820 nee
906 1797 960 1828 per
977 1789 1116 1827 interpo—

115 1830 202 1861 sitam
215 1827 376 1869 personam
389 1830 472 1869 posse
483 1831 742 1871 eademlegatain
759 1830 880 1868 judicio
897 1830 1041 1867 exigere,
1066 1830 1112 1860 sed

115 1872 288 1905 Svndicum
309 1870 398 1902 Sedis
420 1870 614 1910 Apostolicae
637 1872 761 1903 tantum
783 1871 893 1911 judicis
904 1871 1114 1902 officiumim-

116 1910 257 1953 plorare,
281 1911 460 1943 dummodo
474 1911 613 1946 similiter
633 1912 683 1944 illa
702 1913 733 1943 in
753 1913 913 1944 moderata
925 1910 1114 1952 fintquanti-

116 1963 198 1987 tate,
220 1951 512 1985 &lineullafraude
530 1963 737 1995 paupertatis,
762 1954 796 1985 ξε
816 1963 848 1984 re
866 1954 927 1992 ipsa
944 1957 1115 1992 erogentur

115 1999 146 2027 in
157 1995 298 2027 Fratrum
308 1994 519 2025 neceffitates.
542 1995 636 2027 Extra
656 1995 809 2035 judicium
827 1995 905 2026 vero
924 1995 965 2025 ita
985 1997 1112 2026 demum

116 2035 400 2076 legataliujusmodi
412 2037 510 2074 accipi
523 2036 605 2075 posse
617 2037 632 2067 ,ἱ
643 2036 799 2068 Fratribus
815 2044 869 2075 per
889 2035 916 2067 se
928 2034 1027 2074 ipsos,
1050 2035 1112 2066 siin

115 2079 181 2109 aliis
204 2075 361 2116 speciebus
384 2076 550 2110 consistant
568 2099 576 2112 ,
599 2079 633 2110 3<
656 2077 848 2116 accipiantur
871 2077 903 2108 in
928 2086 964 2108 ea
987 2077 1113 2109 tantum

114 2119 291 2159 quantitate
303 2127 413 2157 ‚qnam
426 2128 498 2148 vera
508 2139 518 2153 ‚
540 2120 755 2150 &imminens
766 2127 876 2149 eorum
886 2117 1048 2149 neceffitas
1060 2123 1112 2158 po-

112 2159 277 2196 stulet,·sed
290 2158 491 2197 superfluam,
517 2168 568 2190 aut
582 2162 727 2198 pecunias
737 2157 902 2200 &Syndico
914 2159 1037 2191 tannim
1047 2159 1113 2199 pos-

113 2201 142 2233 se
152 2201 271 2240 accipi,
280 2201 355 2232 dum
367 2210 472 2232 tamen
484 2202 514 2232 id
526 2210 623 2233 omne
633 2203 665 2233 in
677 2202 818 2233 Fratrum
830 2200 1026 2233 necessitates
1037 2210 1112 2232 con-

115 2251 272 2275 vertatur.

157 2285 206 2317 Ad
218 2284 268 2315 111.
284 2283 360 2315 Nou
383 2283 478 2315 licere
494 2282 618 2316 fabricae
637 2285 665 2318 S.
676 2284 759 2317 Petri
772 2284 802 2314 in
813 2283 988 2325 hujusmodi
1000 2284 1109 2325 legatis

114 2327 271 2358 bonorum
284 2325 450 2357 mobilium
462 2325 732 2367 seingerereinfra
751 2335 883 2361 annum,
909 2335 944 2356 ex
963 2335 1027 2366 quo
1045 2328 1111 2357 dies

116 2366 321 2409 l'egaticesfit.
512 2381 513 2385 ¹

158 2406 391 2480 lAdIV.1:‘.lapso
409 2417 492 2439 anuo
511 2407 623 2444 licere,
647 2407 904 2448 adpraesetiptum
926 2408 1047 2440 suarum
1069 2407 1110 2440 fa-

115 2461 154 2482 cu
171 2458 269 2480 tatum
283 2469 290 2478 .

477 2531 616 2573 Distinffl
620 2535 685 2565 ione
708 2534 749 2568 ll-

159 2616 206 2649 Ad
226 2616 249 2647 1.
276 2615 473 2648 Articulum,
498 2616 611 2648 Valere
633 2617 770 2657 legatum
792 2615 887 2647 annui
910 2617 1048 2648 redditus
1070 2616 1110 2648 fa-

114 2657 377 2692 frunisacnttioe,
400 2656 447 2687 vel
459 2655 582 2689 fabrieae
595 2658 758 2694 Ecclesiae,
780 2657 829 2688 vel
841 2657 1031 2690 Conventus
1042 2658 1110 2690 Fra-

116 2709 196 2731 trum
210 2699 375 2731 Minorum
388 2697 452 2731 tatu
465 2698 501 2728 de
520 2697 655 2736 familia,
677 2701 770 2742 quam
787 2701 825 2731 de
846 2698 1110 2736 Reformatione,

116 2741 172 2773 nili
184 2739 256 2772 adsit
268 2740 404 2772 excessus
415 2741 445 2770 in
454 2740 629 2778 quantitate
642 2762 649 2769 .

158 2782 253 2817 Adit.
263 2782 336 2815 Nec
348 2790 400 2821 per
410 2777 539 2819 seipsos,
562 2790 620 2813 nec
638 2792 691 2820 per
706 2783 783 2814 alios
799 2781 894 2814 licere
911 2781 1056 2814 fratribus
1075 2784 1109 2814 in

115 2826 232 2865 judicio
244 2825 366 2863 exigere
376 2821 675 2863 hujusmodilegata,
700 2823 746 2854 sed
758 2823 898 2866 Syndico
921 2824 1106 2864 Apostolico

117 2867 295 2898 dumtaxat.

159 2907 205 2938 Ad
217 2906 267 2938 ΙΙΙ.
279 2905 463 2939 Nonlicere
474 2906 581 2936 eadem
593 2905 687 2936 annui
707 2906 845 2936 redditus
861 2905 958 2946 legata
978 2917 1107 2948 erogare

118 2949 149 2978 in
159 2947 224 2979 usus
236 2947 384 2982 fratrum,
407 2947 454 2978 sed
468 2946 663 2978 illaomnino
676 2945 981 2979 convertideberein
1001 2949 1068 2980 usus
1091 2950 1107 2980 ὰ

119 2987 312 3020 testatoribus
323 2988 511 3028 praescriptos
523 3009 529 3015 .

162 3030 209 3061 Ad
231 3030 284 3060 IV.
306 3031 443 3062 Fabricae
466 3030 496 3061 S.
519 3028 602 3060 Petri
627 3040 690 3061 non
714 3030 806 3060 licere
832 3028 912 3060 infra
941 3040 1056 3062 annum
1079 3032 1107 3064 se

117 3071 260 3109 ingerere
271 3073 302 3103 in
312 3073 500 3112 proprietate
510 3070 622 3102 horum
635 3070 809 3112 legatorum
820 3091 827 3103 ,
851 3080 923 3101 cum
935 3070 1106 3104 haeredibus

119 3110 315 3151 transigendo
337 3134 346 3148 ,
377 3122 429 3145 aut
450 3110 524 3145 alias
547 3112 741 3152 disponendo
771 3113 809 3142 dc
842 3113 948 3143 eadem
971 3117 1106 3153 proprie-

122 3162 184 3184 tate
196 3176 203 3184 .

160 3193 211 3226 Ad
222 3195 259 3226 V.
273 3194 382 3226 Itidem
395 3206 458 3227 non
471 3196 566 3227 licere
577 3216 584 3224 ·

160 3235 209 3267 Ad
221 3236 273 3267 VI.
290 3236 399 3268 &VIL
418 3237 504 3269 Posse
523 3236 671 3268 fabricam
689 3237 719 3269 S.
735 3236 818 3269 Petri
835 3232 862 3266 se
881 3236 1052 3270 immiscere
1073 3239 1105 3270 in

118 3276 378 3316 praestationibus,
403 3277 451 3311 seu
461 3277 610 3310 fructibus
623 3277 990 3315 eorumdemlegatorum
1009 3278 1106 3311 aban·

117 3316 322 3352 nodecurfis‚
343 3318 449 3350 &non
460 3320 586 3357 solutis;
609 3330 674 3353 non
692 3329 795 3353 autern
814 3317 892 3350 infra
910 3327 1046 3356 annum,
1067 3331 1104 3354 ex

119 3368 184 3400 quo
193 3359 257 3392 dies
268 3357 471 3399 pra-‚stationis
482 3360 566 3392 ecffit
578 3382 585 3390 .

199 3484 300 3526 Prosp.
313 3485 449 3524 Fagnan.
461 3486 492 3516 in
502 3487 539 3517 V.
551 3483 622 3519 Lib.
635 3486 792 3520 Decretal.

1991 139 2017 170 2
2026 140 2050 171 2
2060 139 2082 182 5

1505 212 1709 255 Dfiinstione
1729 215 1788 245 ΙΙΙ.

1195 295 1244 326 Ad
1268 294 1290 326 1.
1313 294 1487 339 Articulum
1509 317 1519 330 ,
1539 296 1658 328 Fratres
1680 297 1827 329 MInores
1850 293 1912 328 tam
1934 297 1974 328 de
1995 293 2114 328 familia
2137 316 2147 332 ,
2166 306 2205 339 53

1153 335 1246 376 quam
1265 345 1302 366 ex
1323 335 1567 368 Retonnationc
1578 338 1752 371 nullatenus
1762 340 1820 370 esie
1829 347 1958 378 capaces
1968 338 2142 377 legatorum

1153 386 1350 411 annuorum,
1371 386 1438 417 quae
1449 377 1525 408 fiunt
1547 378 1670 419 adjecto
1693 389 1790 411 onere
1806 379 2024 411 celebrationis
2041 378 2146 411 Missa-

1154 427 1223 450 rum
1235 439 1242 446 .

1194 460 1243 492 Ad
1255 460 1377 492 1LNon
1388 459 1471 499 posse
1481 468 1536 497 pro
1547 459 1712 501 hislcgatis
1730 464 1762 494 in
1779 463 1897 505 judicio
1915 463 2066 503 experiri,
2090 470 2142 494 aut

1153 501 1267 542 judicis
1276 500 1596 543 officium-implorare
1610 524 1617 531 .

1196 542 1244 574 Ad
1255 542 1305 574 111.
1315 541 1402 574 Poste
1413 541 1582 573 iratresilla
1598 543 1740 582 accipere
1758 555 1811 584 per
1830 548 1959 577 modum
1977 545 2143 587 eleemosy-

1154 593 1201 614 nae
1211 583 1226 614 a
1236 583 1342 622 sponte
1351 583 1553 614 offerentibus
1565 583 1750 615 celebrando
1760 586 1865 618 Missas
1876 588 1910 618 ad
1924 590 2074 619 rationes·
2100 588 2144 618 rei

1155 634 1305 664 acceptce,
1328 626 1519 655 citratamcn
1531 624 1624 655 ullam
1641 625 1869 664 obligationem
1888 631 1922 659 ad
1941 639 2022 660 onus
2039 638 2144 668 perpe-

1156 675 1263 701 tuum,
1285 666 1851 706 &dummodopritisprotelientutfe
1870 670 1996 702 illorum
2015 678 2144 710 capaces

1156 717 1220 738 non
1232 707 1305 738 ess'e.

1198 748 1716 792 Ad1V SyndicumlApostolicum
1728 770 1736 783 ,
1758 751 1791 781 &
1803 760 1859 789 pro
1869 750 1996 783 fratrum
2018 752 2144 783 necessi·

1156 789 1270 821 tatibus
1280 811 1288 824 ‚
1299 801 1364 821 non
1374 799 1478 821 autem
1487 793 1595 821 tran-cs
1606 791 1683 830 ipsos
1695 792 1788 822 etiam
1799 802 1852 831 per
1862 792 1942 823 alios
1951 794 2032 830 posse
2042 792 2142 834 hujus-

1154 832 1242 862 modi
1255 831 1354 872 legata
1362 841 1533 871 utcumque
1543 831 1649 871 sponte
1659 832 1762 864 oblata
1772 835 1913 873 accipere
1923 854 1932 868 ,
1943 832 1963 863 ίῐ
1974 835 2005 865 in
2016 836 2147 873 pecunia

1155 871 1338 904 consistant.

1196 915 1244 945 Ad
1256 915 1293 945 V.
1304 915 1383 947 Non
1393 915 1475 954 poss'e
1492 913 1601 946 fratres
1621 915 1796 953 huiusmodi
1816 916 1913 954 legata
1931 917 2114 956 extinguere
2133 936 2143 950 ‚

1155 955 1739 994 atttillorumproprietatemvendere,
1762 958 1795 988 δε
1813 959 1948 997 pretium
1966 967 2094 998 erogare
2109 959 2143 989 in

1155 996 1222 1027 usus
1232 995 1357 1028 fabricae
1366 1018 1375 1031 ,
1398 997 1446 1027 vel
1457 997 1605 1029 §amimae
1618 1019 1625 1026 .

1197 1038 1244 1069 Ad
1257 1038 1309 1069 VI.
1318 1037 1426 1069 Licere
1437 1036 1558 1069 fabricae
1568 1039 1683 1072 S-Pctri
1695 1041 1730 1071 ad
1744 1043 1863 1072 suarum
1875 1039 2057 1071 [multatum
2067 1050 2141 1080 prae-

1155 1078 1300 1118 scriptum
1312 1079 1364 1110 fibi
1384 1081 1552 1110 vendicare
1571 1083 1755 1113 eorumdem
1778 1081 1954 1117 legatorum
1976 1083 2146 1122 proprieta-

1155 1129 1218 1167 tem
1229 1129 1299 1150 cum
1309 1129 1406 1151 onere
1419 1120 1582 1154 Missarum
1592 1120 1854 1159 celebrandarum,
1866 1132 1928 1155 tam
1939 1123 2040 1163 elapso
2050 1133 2145 1158 anno,

1155 1170 1247 1201 quam
1258 1168 1347 1191 antea
1357 1181 1364 1189 .

1195 1201 1245 1233 Ad
1257 1201 1324 1234 VII·
1333 1202 1483 1235 Similiter
1492 1204 1603 1236 licere.

1516 1286 1722 1328 Distinffione
1745 1289 1800 1321 W.

1188 1368 1246 1402 ‘Ad
1256 1370 1392 1410 primum
1402 1370 1598 1405 Articulum,
1617 1372 1738 1403 Fratres
1748 1371 1894 1404 Minores
1904 1381 1965 1404 tam
1975 1372 2150 1405 Observan-
2172 1379 2211 1411 54

1157 1419 1201 1442 tes
1213 1433 1221 1446 ,
1242 1413 1335 1453 quam
1346 1411 1550 1445 Reformatos
1562 1422 1626 1444 non
1638 1413 1696 1445 effe
1707 1423 1834 1453 capaces
1846 1414 2022 1454 legatorum
2033 1423 2151 1446 annuo-

1155 1462 1240 1487 rum,
1285 1463 1331 1484 uae
1342 1453 1418 1485 fiunt
1430 1454 1492 1486 line
1503 1454 1608 1495 aliquo
1617 1464 1732 1490 onere,
1750 1465 1801 1486 aut
1815 1458 1912 1487 modo
1923 1457 2061 1497 adjecto,
2091 1454 2149 1486 nist

1156 1496 1190 1526 ad
1202 1494 1279 1526 effre
1297 1505 1347 1526 um
1358 1495 1410 1526 illa
1419 1497 1624 1536 extinguendi
1635 1517 1645 1532 ‚
1661 1497 1711 1528 seu
1723 1497 1849 1528 illorum
1861 1500 2084 1537 proprietatem
2096 1519 2104 1532 ‚
2117 1498 2150 1528 ὃ(

1155 1538 1288 1576 pretium
1299 1539 1505 1568 convertendi
1517 1540 1549 1569 in
1560 1537 1627 1569 usus
1636 1537 1760 1569 fabricat
1770 1560 1779 1574 ‚
1801 1539 1849 1570 vel
1862 1538 2018 1570 sacrissiae.

1197 1578 1246 1609 Ad
1264 1578 1299 1609 Π.
1318 1577 1398 1610 Non
1415 1577 1526 1610 fratres
1544 1579 1644 1619 ipsos,
1665 1579 1711 1610 sed
1734 1580 1905 1621 Syndicum
1929 1580 2150 1619 Apol'tolicum

1155 1619 1277 1651 tantum
1289 1620 1372 1659 posse
1380 1622 1522 1652 eamdem
1533 1623 1757 1660 proprietatem
1768 1623 1800 1653 in
1811 1623 1928 1662 judicio
1938 1632 2043 1662 petere
2054 1647 2061 1655 .

1197 1662 1244 1692 Ad
1255 1661 1306 1692 ΠΙ.
1316 1660 1403 1693 Posse
1415 1671 1602 1693 convertere
1613 1683 1620 1691 .

1196 1703 1349 1734 AdIV.Si
1362 1701 1472 1735 fratres
1490 1706 1643 1742 coeperint
1660 1704 1786 1737 illorum
1803 1715 1920 1737 annuas
1939 1706 2152 1744 praestan'ones

1156 1746 1321 1783 accipere,
1340 1745 1463 1776 nehinc
1482 1745 1534 1775 fiat
1552 1745 1634 1776 fmus
1652 1748 1843 1786 paupertati,
1866 1749 2032 1786 expedire,
2055 1757 2087 1777 ut
2107 1748 2147 1777 de

1155 1795 1270 1818 caetero
1290 1787 1477 1817 decernatur
1499 1797 1538 1817 eo
1562 1787 1629 1817 casu
1654 1797 1718 1819 non
1741 1788 1837 1819 licere
1859 1787 1991 1828 ani'plius
2002 1787 2149 1818 fratribus

1155 1829 1297 1859 eamdem
1319 1829 1543 1866 proprietatem
1567 1830 1720 1863 vendere,
1744 1840 1779 1860 ac
1802 1831 1936 1868 pretium
1959 1831 1991 1861 in
2013 1829 2080 1861 usus
2101 1828 2145 1860 fa-

1153 1870 1278 1943 grlgaelx’i
1303 1868 1350 1899 vel
1381 1868 1420 1900 sat
1431 1869 1519 1901 ristiae
1547 1879 1677 1910 erogare
1695 1893 1702 1900 .
1733 1870 1870 1912 Ideoque
1895 1872 2050 1912 agendum
2074 1880 2146 1902 cum

1194 1952 1244 1983 Ad
1256 1952 1294 1982 V·
1305 1952 1338 1983 &
1348 1952 1399 1983 VI.
1409 1953 1530 1984 Fratres
1540 1952 1627 1983 nullo
1639 1955 1736 1984 modo
1748 1954 1831 1993 poss‘e
1842 1954 2004 1996 injudicio
2025 1955 2149 1995 exigere

1155 2002 1272 2025 annuas
1283 1996 1466 2025 eorumdem
1479 1993 1650 2033 legatorum
1662 1995 1872 2034 praestationes
1884 2021 1891 2026 .

1194 2034 1244 2065 Ad
1258 2034 1325 2064 VII.
1350 2034 1485 2066 Teneri.
1504 2053 1508 2056 ·

1194 2075 1496 2108 AdV111.P0tsenla
1513 2085 1567 2115 per
1585 2078 1715 2109 modum
1732 2077 1951 2122 eleemosynae‚
1976 2082 2010 2113 δε
2029 2080 2044 2111 εὶ
2063 2080 2151 2119 spon-

1153 2116 1184 2149 τέ
1201 2117 1349 2148 dantibus
1360 2120 1500 2155 accipere
1520 2119 1613 2149 etiam
1626 2128 1679 2158 per
1688 2118 1815 2160 seipsos,
1839 2120 1859 2152 st
1872 2123 1902 2153 in
1914 2123 1980 2154 aliis
1990 2121 2146 2161 speciebus

1151 2157 1321 2231 {orla-sistant
1331 2158 1431 2199 :quod
1443 2158 1463 2190 fi
1473 2161 1505 2191 in
1516 2163 1648 2199 pecuina
1658 2182 1666 2196 ‚
1684 2161 1809 2194 nonnisi
1821 2171 1874 2202 per
1885 2163 2056 2207 Syndicum
2066 2163 2150 2203 Apo-

1176 2210 1196 2231 ο
1213 2209 1296 2231 icum
1310 2221 1318 2229 .

1192 2242 1240 2274 Ad
1252 2241 1307 2272 tx.
1316 2241 1395 2274 Non
1407 2243 1507 2275 teneri
1516 2264 1524 2272 .
1749 2280 1751 2282 q

1193 2285 1240 2316 Ad
1252 2284 1291 2316 X.
1302 2282 1462 2316 Fabricam
1477 2285 1508 2318 S.
1518 2284 1602 2317 Petri
1623 2287 1742 2319 nullum
1759 2289 1806 2328 jus
1824 2287 1937 2320 habere
1956 2290 2147 2323 vendicandi

1152 2326 1263 2398 lfiornlm
1275 2325 1449 2365 legatorum
1459 2328 1682 2367 proprietatem
1691 2351 1700 2364 ,
1719 2329 1771 2361 nisi
1783 2329 1884 2369 elapso
1896 2341 1979 2362 anno
1991 2332 2073 2369 juxta
2084 2330 2150 2362 suas

1165 2377 1220 2398 {ICU
1238 2375 1315 2397 [11th
1328 2386 1336 2394 ι

1191 2410 1240 2440 Ad
1253 2407 1472 2440 XLSimilittr
1490 2420 1554 2441 non
1573 2410 1684 2443 habere
1700 2413 1747 2453 jus
1766 2414 1952 2446 vendicandi
1974 2413 2148 2455 hujusmodi

1151 2459 1266 2481 annua<
1280 2449 1488 2485 praestationes
1499 2472 1508 2485 ,
1532 2450 1588 2482 nisi
1600 2452 1636 2482 ab
1646 2462 1731 2484 anno
1742 2453 1881 2485 decurias
1891 2475 1898 2483 .

1192 2491 1241 2523 Ad
1254 2489 1415 2534 Ult-Haejc
1426 2492 1534 2522 onmia
1554 2492 1659 2523 locum
1679 2504 1743 2525 non
1762 2493 1873 2525 babere
1886 2496 1915 2526 in
1936 2495 2045 2536 legatis
2068 2493 2148 2525 infra

1152 2531 1339 2563 decennium
1349 2552 1358 2566 ,
1376 2532 1465 2563 sedin
1475 2532 1521 2563 his
1533 2534 1654 2565 tantum
1666 2555 1675 2569 ‚
1695 2545 1761 2575 thae
1772 2534 1848 2567 fiunt
1860 2537 1895 2567 ad
1906 2537 2016 2569 decem
2028 2545 2128 2569 annos
2137 2556 2147 2572 ‚

1151 2575 1184 2606 ἃ
1197 2573 1294 2606 ultra.

1193 2614 1277 2647 Cum
1290 2612 1337 2645 his
1348 2613 1614 2648 declarationibus
1625 2617 1825 2648 consentiunt
1845 2618 1905 2649 alia
1920 2620 2045 2652 decreta
2054 2619 2090 2651 ab
2101 2629 2147 2651 ea-

1149 2658 1221 2688 dem
1233 2654 1494 2695 congregatione
1511 2659 1593 2688 edita
1614 2667 1657 2697 14.
1682 2659 1763 2697 Junii
1779 2660 2036 2702 1628.&dieseq.
2049 2660 2147 2701 publi-

1150 2707 1218 2730 cata
1229 2698 1260 2728 in
1271 2696 1536 2737 Congregatione
1545 2699 1680 2735 generali
1692 2700 1832 2732 Fratrum
1843 2701 2009 2734 Minorum
2026 2704 2064 2734 de
2079 2701 2143 2734 Ob·

1150 2739 1301 2771 servantia
1311 2739 1342 2769 in
1353 2738 1511 2778 praesentia
1521 2740 1563 2772 D.
1575 2741 1755 2777 Cardinalis
1765 2742 1870 2782 Cyprii
1879 2765 1887 2779 ,
1903 2753 2038 2784 quorum
2050 2752 2143 2774 tenor

1149 2781 1219 2813 talis
1230 2779 1290 2815 est,
1311 2779 1480 2811 videlicet.
1795 2780 1799 2784 '

1161 2826 1167 2833 ‘
1189 2823 1283 2855 Sacra
1305 2820 1526 2861 Congregatio
1552 2822 1566 2855 a
1586 2824 1616 2856 S.
1638 2823 1676 2855 1).
1696 2823 1739 2857 N·
1764 2825 1902 2857 Fratrum
1926 2825 2091 2857 Minorum
2102 2825 2142 2857 de

2168 2637 2207 2669 55

1136 2864 1357 2897 observantia
1371 2863 1400 2895 S.
1410 2863 1562 2895 Francisci
1575 2865 1922 2898 Cismontatn‘samiliae
1939 2866 2142 2898 consultatio-

1149 2906 1238 2938 nibus
1255 2903 1415 2944 pra-posita
1435 2905 1544 2937 volens
1562 2916 1713 2947 quantum
1732 2908 1828 2946 potest
1849 2909 1881 2938 in
1906 2906 2052 2939 Domino
2065 2906 2142 2946 ipso-

1148 2957 1216 2979 rum
1235 2945 1388 2986 postulato
1405 2945 1578 2978 satisfacere
1598 2950 1680 2979 circa
1696 2947 1851 2979 Novitios
1867 2949 1903 2979 ati
1926 2948 2085 2984 habitum,
2106 2949 2140 2980 &

1146 2987 1369 3029 profeffionem
1381 2988 1604 3025 admittend053
1614 2988 1784 3020 Sanctitate
1796 2990 1843 3019 sua
1852 2989 2057 3028 approbante,
2069 3000 2140 3022 cen-

1147 3031 1204 3062 suit
1215 3038 1289 3061 tunc
1298 3031 1425 3059 demum
1444 3028 1503 3059 esse
1523 3029 1583 3059 illis
1599 3031 1860 3066 permittendum,
1884 3038 1917 3061 ut
1933 3030 2088 3063 Novitios
2104 3040 2140 3063 ut

1147 3072 1232 3111 supra
1242 3071 1412 3108 recipiant,
1433 3068 1506 3100 cum
1518 3070 1738 3102 constiteritex
1757 3071 1892 3110 ipsorum
1913 3070 2138 3104 Conventibus

1147 3123 1201 3145 eos
1219 3111 1361 3143 sustuliffe
1376 3109 1482 3141 abusus
1497 3120 1624 3145 omnes,
1646 3113 1699 3152 qui
1718 3111 1845 3151 Regutae
1862 3112 2055 3146 &francisci
2072 3113 2138 3146 Ob-

1147 3151 1531 3185 servantiaeadversantur.
1553 3149 1653 3195 Qtod
1673 3153 1723 3183 ubi
1745 3154 1958 3191 praestiterint,
1979 3149 2139 3197 designan-

1145 3197 1183 3228 da
1192 3194 1356 3227 erantloca
1367 3201 1422 3230 pro
1433 3192 1540 3222 iisdem
1558 3191 1703 3224 Novitiis
1721 3196 1908 3233 recipiendis
1920 3217 1928 3230 ‚
1951 3197 1984 3227 &
1998 3197 2137 3237 ‘pfaescri-

1146 3237 1262 3268 bendus
1273 3234 1524 3272 recipiendorum
1538 3243 1685 3265 numerus
1696 3236 1868 3276 &qualitas
1878 3258 1885 3271 ,
1910 3238 1942 3269 δέ
1954 3239 2011 3270 alia
2032 3238 2067 3269 ad
2086 3249 2138 3270 eo·

1144 3274 1451 3309 ruminstitutionem
1464 3275 1665 3311 pertinentia:
1690 3278 1723 3308 ὃ(
1741 3286 1832 3316 prout
1853 3288 2042 3321 unaquseque
2062 3280 2135 3312 Pro.

1145 3320 1249 3350 vincia
1268 3317 1297 3347 id
1318 3322 1504 3355 exequetur,
1526 3316 1628 3347 eidem
1644 3319 1863 3358 receptionem
1879 3319 2050 3364 hujusmodi
2068 3320 2135 3354 fore

1144 3357 1386 3401 permittendam
1399 3376 1405 3384 .
1542 3369 1543 3372 ¹

1185 3397 1305 3432 Abusus
1320 3397 1397 3428 vero
1412 3398 1521 3438 quibus
1541 3407 1596 3443 cos
1612 3399 1775 3441 propterea
1799 3405 1917 3438 mederi
1942 3405 2100 3446 oportebit
2120 3425 2130 3439 ,

1145 3436 1415 3480 suntpotiffimtim
1428 3438 1628 3481 infrascripti.
1694 3447 1699 3453 '
1865 3460 1867 3462 -

1809 3485 1832 3517 Ρ
2042 3488 2089 3518 Ac
