2353 3652
607 132 691 186 De
705 130 889 189 Poenit.
903 131 961 187 &
973 129 1149 186 remiss.
1170 148 1214 188 c.
1230 133 1313 188 Ne
1326 153 1421 206 pro
1435 138 1684 195 dilatione
1698 178 1711 193 .

257 224 360 258 nerali
364 224 595 267 privilegiorum
604 221 798 261 derogatione
808 243 816 252 .

215 268 418 299 Contrarium
427 287 438 302 ,
447 274 495 304 n-5
502 273 527 302 5.
539 304 546 311 ‚

218 309 410 341 Declaratur
417 329 427 343 ‚
435 306 556 344 ”5847
567 306 618 334 60.

152 356 170 390 5
176 359 190 390 3
201 350 405 387 Privilogium
412 345 524 380 habens
534 345 668 383 eligendi
675 346 1000 388 coufeffbrem,tenetur
1010 346 1118 384 eligere

255 392 453 424 Sacerdotem
461 387 623 421 habentem
633 397 839 420 executionem
848 385 885 418 ab
897 388 1072 419 Ordinario
1081 411 1088 418 .

154 441 169 471 5
174 440 191 471 5
212 435 240 465 C
243 433 436 464 ardinalium
439 430 654 470 prerogativis,
665 431 805 467 quamvis
812 425 943 459 multum
952 434 1118 460 attendan-

256 476 348 506 turin
357 470 519 504 honoribus
527 468 702 510 deferendis
712 493 721 507 ,
741 482 800 502 non
810 480 914 501 tamen
923 473 1062 502 eximunt
1072 482 1119 502 eos

257 514 277 546 a*
285 515 419 546 vinculis
435 515 603 544 Sacrorum
612 514 772 545 Canonum
781 533 791 549 ‚
815 511 853 546 ῤ’
873 510 1118 552 Apostolicorum

258 558 287 588 C
289 555 513 594 onsti'tutionum
522 575 530 582 .

160 607 175 636 5
182 598 200 628 6
219 596 358 636 Augusta
368 593 649 634 quamvisgaudeat
654 597 827 634 privilegiis
834 594 965 636 Augusti
983 616 992 631 ,
1013 604 1116 628 tamen

247 634 306 677 sub
315 637 455 676 generali
463 637 559 675 legum
569 637 693 668 vinculo
703 635 967 678 comprehenditur
977 657 986 666 .

153 688 194 720 57
215 680 360 718 Princeps
370 689 427 710 non
435 675 533 718 estsub
541 678 601 716 lege
600 676 668 719 fori
678 700 687 715 ‚
702 679 761 720 sed
764 677 824 720 sub
832 679 891 718 legi
895 679 1085 720 poli,naturae
1106 698 1116 713 ‚

303 730 436 751 rationis
448 743 456 751 .

149 761 189 802 58
211 720 402 794 Cazinales
414 759 704 800 comprehenduntur
721 763 753 793 in
765 762 906 800 generali
923 762 1116 800 derogatione

251 804 428 844 respiciente
429 801 574 844 favorem
580 801 733 842 publicum
741 825 750 838 ,
760 804 796 837 (ῥ’
800 804 823 841 s
819 803 932 834 alutem
941 814 1048 835 anime
1059 827 1066 834 .

150 853 167 885 5
172 855 192 883 9
213 845 340 882 Ideoque
354 842 643 884 comprehenduntur
669 846 702 876 in
721 857 746 877 c.
763 844 879 877 Omnis
896 844 1053 886 utriusque
1075 845 1115 877 se-

253 896 312 917 xus
322 907 330 921 ‚
353 888 392 918 de
403 889 513 925 poenit.
523 888 554 917 ἃ
565 885 678 918 temiff-

135 931 176 960 60
187 930 264 960 Item
274 929 307 959 in
314 927 453 965 generali
461 928 656 965 derogatione
662 924 792 960 habente
801 927 952 967 clausulas
958 937 1117 968 pregnan-

251 978 296 1001 tes
309 993 316 1000 .

153 1012 190 1043 61
218 1010 287 1042 Lex
296 1011 446 1048 corrigens
453 1010 487 1041 in
496 1020 553 1041 uno
561 1019 602 1041 ex
612 1011 811 1043 correlativis
823 1032 832 1047 ‚
843 1012 969 1049 corrigit
976 1019 1072 1042 etiam
1079 1011 1113 1042 in

256 1053 318 1083 alio
328 1075 335 1082 .

147 1096 189 1125 62
207 1094 238 1125 E
237 1095 342 1134 piscopi
345 1091 456 1134 poffunt
456 1090 520 1132 fibi
527 1092 636 1130 eligere
643 1091 897 1134 confefforemffed
907 1102 1052 1124 tenentur
1059 1092 1112 1124 eli-

242 1145 312 1174 gere
322 1135 473 1166 Curatum
475 1134 528 1173 seu
536 1132 736 1173 approbatum
743 1133 783 1167 ab
794 1134 968 1166 ordinario
978 1156 985 1163 .

148 1177 185 1216 63
208 1175 411 1212 Privilegium
419 1174 551 1213 eligendi
559 1173 745 1216 confessorem
754 1180 905 1209 Curatum
919 1197 929 1211 ,
948 1176 1002 1207 vel
1011 1184 1111 1217 appro-

249 1214 354 1249 batum
364 1238 372 1251 ,
382 1218 415 1247 in
424 1225 477 1254 quo
481 1215 572 1257 prosit
582 1214 808 1248 cardinalibus
817 1240 824 1247 .

149 1259 190 1297 64
211 1257 366 1290 Parachus
381 1260 476 1289 etiam
486 1261 573 1289 intra
591 1257 704 1290 limites
720 1256 935 1298 Parochiaesuae
946 1268 1004 1289 non
1020 1254 1110 1304 potest

248 1300 356 1331 audire
371 1295 556 1339 confessiones
574 1300 702 1331 alterius
720 1299 976 1341 Farochianifine
989 1307 1108 1340 propris

248 1340 430 1372 Sacerdotis
438 1340 565 1373 licentia
574 1365 582 1373 .

208 1384 236 1414 S
236 1382 344 1421 edsuos
357 1382 565 1414 Parochianos
572 1379 830 1424 absolverepotes}
837 1386 932 1415 etiam
941 1391 1035 1415 extra
1043 1391 1111 1422 pro-

248 1427 348 1463 priam
359 1422 542 1456 Parochiam
552 1445 562 1460 ‚
570 1427 652 1456 n.66.

142 1470 180 1504 65
201 1464 352 1506 confessor
353 1463 418 1506 five
425 1466 604 1502 saulam,
619 1466 689 1507 sive
698 1466 861 1504 Regularis
870 1467 904 1497 in
915 1476 976 1498 una
991 1463 1112 1506 dioecefi

245 1505 424 1547 approbatus
432 1517 490 1538 non
497 1506 588 1548 potes}
596 1517 690 1540 extra
707 1509 796 1540 illam
805 1508 914 1539 audire
922 1505 1109 1548 confeffiones

244 1551 340 1580 etiam
348 1549 541 1588 personarum
549 1549 636 1581 illius
645 1549 777 1592 dioecefis
784 1572 794 1586 ,
804 1552 838 1582 in
849 1559 908 1588 qua
915 1548 955 1589 est
965 1547 1108 1590 approba-

246 1598 295 1621 tus
303 1612 313 1626 ‚
321 1590 358 1624 (ῥ’
366 1591 464 1630 n.seq.

143 1631 182 1669 67
203 1632 231 1662 S
232 1631 356 1665 acerdos
357 1632 383 1671 s
380 1632 516 1667 aecularis
525 1634 621 1666 etiam
630 1634 662 1664 in
672 1633 730 1664 illa
741 1630 874 1673 diocesi,
897 1634 931 1665 in
941 1642 999 1670 qua
1009 1630 1049 1672 est
1059 1639 1108 1672 ap-

241 1671 385 1713 probatus
395 1695 405 1709 ‚
414 1684 472 1704 non
477 1673 570 1715 potest
579 1677 689 1706 audire
697 1673 884 1717 confeffiones
895 1674 1107 1714 confitentium

246 1714 360 1746 exalia
369 1715 488 1756 dioecefi
494 1737 502 1745 .

145 1755 185 1788 68
205 1755 395 1796 Consuetudo
411 1760 505 1788 etiam
519 1756 774 1789 immemorabilis
781 1779 789 1793 ‚
813 1767 845 1789 ut
863 1760 928 1796 quis
944 1765 1050 1797 preter
1059 1756 1108 1797 sui

245 1800 417 1870 Super-biems
425 1798 587 1831 licentiam
597 1798 786 1842 confefforem
789 1797 850 1841 fibi
861 1801 972 1838 eligere
979 1799 1087 1831 valeat
1096 1819 1106 1834 ‚

248 1847 334 1879 repro
356 1848 427 1870 atur
439 1860 446 1869 .

204 1921 466 1960 Eprodilatione.
488 1923 649 1965 Episcopi,
672 1925 765 1957 &alii
789 1925 975 1965 superiores,
1003 1927 1037 1958 δε
1050 1925 1108 1956 mi-

86 1972 98 1994 1
121 1930 189 1997 N
215 1973 307 1994 nores
320 1964 441 1996 Praelati
464 1970 602 2005 exempti
624 1968 748 2006 possunt
759 1966 822 1998 sine
833 1967 891 1998 alia
904 1967 1033 1998 licentia
1052 1966 1105 1998 sibi

121 2004 235 2041 eligere
246 2004 468 2037 confessorem.
480 2006 555 2038 Hoc
566 2009 660 2038 dicit.
985 2039 988 2042 .

79 2054 96 2075 2
159 2045 248 2077 Nota
257 2047 361 2084 primo
374 2068 383 2080 ‚
407 2047 577 2087 Episcopos
589 2051 684 2080 etiam
696 2059 760 2081 non
772 2059 939 2090 exemptos
957 2050 1040 2089 posse
1051 2049 1104 2080 sibi

118 2085 325 2119 confefforem
336 2088 469 2127 eligere,
489 2098 628 2128 proutex
638 2090 742 2121 littera
755 2091 916 2127 subtiliter,
937 2094 1104 2124 &accura-

117 2128 148 2160 tc*
157 2129 282 2159 deducit
299 2128 388 2160 Host.
408 2127 456 2160 hic
466 2141 514 2160 nu.
525 2131 639 2170 avers.
656 2132 722 2162 Sed
737 2133 883 2170 numquid
892 2154 900 2166 ‚
913 2135 963 2164 cui
981 2132 1105 2163 subscri-

118 2169 195 2200 bunt
204 2169 250 2209 Jo.
263 2171 362 2201 Andr.
372 2169 532 2202 Card2nal-
542 2174 575 2204 δε
593 2173 729 2204 Anchar.
739 2183 850 2205 omnes
859 2179 999 2215 inprinc.
1018 2173 1102 2206 Butt.

118 2219 182 2249 πᾶ-
192 2212 224 2242 &
233 2210 311 2242 Abb.
322 2221 384 2251 n.3.
393 2211 472 2251 vers·
481 2215 546 2244 Sed
556 2223 648 2251 quero
658 2235 665 2243 .

75 2261 92 2293 3
155 2252 302 2284 Secundo
324 2262 399 2284 nota
408 2253 467 2288 ibi,
493 2255 546 2286 Ma
555 2251 675 2285 rioribus
687 2255 829 2287 Prolatis
838 2258 986 2296 exemptis
997 2277 1006 2291 ‚
1026 2255 1102 2287 infe-.

116 2294 216 2324 riores
228 2293 382 2334 Episcopo
406 2305 470 2327 non
479 2298 614 2335 gaudere
624 2297 685 2327 hoc
703 2298 871 2338 privilegio
882 2298 936 2329 sibi
959 2298 1097 2337 eligendi

121 2334 344 2369 confefforem,
367 2335 422 2367 nisi
432 2338 555 2367 duobus
566 2339 831 2370 concurrentibus
842 2360 850 2369 .
875 2339 1022 2370 Alterum
1033 2339 1074 2369 est
1089 2359 1099 2373 ‚

119 2383 155 2405 ut
166 2375 221 2406 sint
232 2374 369 2410 Palati,
393 2386 464 2414 puta
476 2378 613 2410 Abbates
623 2399 632 2413 ‚
656 2379 813 2417 Praeposni
823 2400 833 2413 ‚
854 2379 998 2413 Priores,
1020 2388 1053 2409 ut
1069 2381 1101 2410 in

118 2425 184 2454 cap.
196 2418 229 2445 ln
236 2414 356 2453 singulis
366 2437 375 2450 ‚
390 2417 484 2455 supra
493 2418 529 2448 de
537 2417 614 2449 [laen
638 2418 788 2451 Monach-
798 2422 836 2451 de
844 2419 1031 2462 Presbytero
1049 2419 1102 2451 Pa-

117 2456 249 2487 rocbiali
258 2458 363 2487 dicam
373 2455 452 2489 infra
461 2468 547 2497 nu.4t
572 2459 717 2492 Alterum
730 2482 739 2495 ,
749 2470 781 2492 ut
792 2460 850 2492 sint
861 2464 997 2499 exempti
1009 2482 1018 2494 ‚
1027 2461 1100 2492 idest

117 2497 189 2529 Sedi
202 2496 387 2535 Apostolicae
398 2500 578 2532 immediate
589 2499 717 2541 subjecti
729 2524 737 2536 ,
760 2502 929 2535 seeundum
944 2502 1100 2535 Hostiens.

116 2548 177 2577 ης.
188 2537 265 2577 vers.
276 2537 438 2578 Inferiores
448 2545 520 2572 vero
531 2563 538 2575 ‚
551 2544 583 2575 &
593 2542 685 2575 latius
697 2543 813 2581 patebit
823 2543 903 2575 infra
913 2555 942 2574 n.
954 2553 1003 2584 35.
1011 2541 1101 2586 Qia-

115 2589 242 2620 propter
251 2589 414 2619 exemptus
423 2592 487 2613 non
498 2582 643 2617 Praelatus
653 2605 661 2617 ,-
671 2594 724 2616 aut
732 2583 878 2617 praetatus
889 2585 1022 2616 inferior
1034 2596 1099 2617 non
1137 2592 1156 2622 g

117 2630 280 2660 exemptus
297 2621 351 2652 bac
364 2623 561 2660 permistione
570 2635 636 2656 non
644 2627 759 2661 utitur,
784 2635 816 2657 ut
828 2636 881 2666 per
898 2626 1099 2660 Host.eodem

116 2673 198 2693 num.
208 2671 237 2700 7.
247 2664 280 2692 in
289 2662 375 2695 verb.
402 2664 594 2699 Minoribus,
618 2669 652 2698 ὃ(
668 2667 748 2699 Abb.
765 2667 907 2700 Siculum
926 2678 1042 2708 num-3·
1064 2670 1099 2698 in

77 2715 98 2744 4
119 2705 226 2735 ultimo
247 2701 349 2736 notab.
371 2702 470 2748 Qiod
491 2707 659 2740 secundum
677 2709 873 2749 Abb.Antiq·
895 2708 969 2743 facit
987 2719 1100 2742 contra

115 2745 285 2779 scholares,
306 2748 357 2785 qui
373 2745 790 2785 fibicliguntconfefforem,
813 2751 1097 2790 quemmaluerint5

116 2786 326 2823 &secundum
345 2786 471 2819 Petrum
482 2790 520 2819 de
538 2789 707 2826 Sampsone
717 2790 790 2822 facit
807 2800 920 2823 contra
938 2791 1095 2825 Rediores

116 2828 303 2868 capellarum
313 2849 321 2862 ‚
343 2832 397 2868 qui
409 2829 459 2860 sibi
470 2830 587 2869 eligunt
597 2829 785 2863 confessores
795 2853 804 2866 ‚
815 2831 889 2864 cuin
901 2842 1005 2865 tamen
1015 2832 1098 2873 Epis-

116 2879 198 2908 copo
213 2891 222 2905 ,
238 2869 286 2902 vel
297 2871 362 2910 ejus
377 2870 639 2905 Poenitentiario,
661 2881 711 2902 aut
725 2873 1002 2916 Archipresbyteto.
1019 2876 1096 2906 civi-

117 2911 188 2942 tatis
196 2911 330 2943 debeant
340 2911 483 2943 confiteri
495 2933 503 2943 ‚
524 2922 587 2952 cap.
601 2913 672 2943 r.de
679 2914 753 2954 offic.
762 2913 993 2955 Archipresbyt.
1003 2918 1035 2948 ὃ(
1046 2916 1085 2947 se-

116 2960 249 2988 quuntur
261 2950 515 2992 hicJoan.Andr.
528 2955 560 2985 &
577 2954 886 2993 Brut-ambomfine,
910 2955 1042 2988 Cardin-
1061 2959 1094 2990 &

118 2991 251 3027 Anchar.
264 2995 500 3033 ainboinprinc.

78 3045 94 3075 5
157 3029 355 3073 QUAERO‚
379 3046 416 3067 an
435 3035 644 3075 Episcopusin
655 3038 720 3067 vim
741 3037 829 3079 liujus
845 3037 1020 3070 Dect-etalis
1038 3038 1092 3070 lio-

119 3073 168 3103 die
192 3074 280 3110 poffit
303 3076 417 3116 eligere
428 3076 636 3110 confessorem
661 3078 791 3116 sibiuon
816 3079 986 3114 subditum,
1007 3083 1059 3119 qui
1076 3081 1092 3112 a

116 3116 245 3152 proprio
261 3115 433 3150 Ordinatio
451 3129 514 3150 non
523 3118 615 3152 suerit
633 3121 861 3158 approbatusad
884 3119 1091 3153 confessiones

109 3155 284 3236 jtffiendas
292 3177 302 3191 ‚
323 3161 361 3190 ad
370 3159 580 3201 ptaescriptum
588 3161 727 3196 concilii
738 3161 919 3194 Tridentini
927 3164 961 3193 in
969 3170 1032 3203 cap.
1046 3171 1090 3203 ¹5-

131 3207 145 3226 e
167 3204 225 3236 23.

71 3252 94 3284 9
158 3237 294 3284 Videtur
303 3240 548 3279 respondendum
559 3253 623 3274 non
634 3244 717 3283 poss‘e
726 3265 734 3274 .

155 3277 264 3310 Primo
272 3300 282 3314 ‚
293 3282 364 3321 quia
375 3281 424 3315 bic
435 3293 537 3317 textus
547 3285 646 3324 exigit
656 3306 666 3320 ,
675 3294 709 3316 ut
718 3284 849 3326 eligatur
858 3286 1014 3319 confessor
1022 3296 1091 3327 pto÷

114 3319 206 3351 vidus
217 3340 225 3354 ‚
237 3320 424 3355 &discretus
434 3336 441 3355 ε
451 3325 497 3356 sed
510 3326 579 3357 talis
589 3335 654 3357 non
664 3327 788 3358 videtur
798 3327 881 3366 posse
890 3328 1022 3371 intelligi
1042 3331 1070 3361 is
1079 3351 1089 3365 ,

113 3362 166 3400 qui
179 3360 286 3401 abipso
302 3361 455 3396 Concilio
473 3368 505 3396 in
513 3370 615 3406 φωρ.
629 3376 674 3406 ¹5·
685 3368 859 3400 declaratur
875 3379 941 3400 non
960 3371 1092 3403 idoneus

113 3402 151 3432 ad
162 3403 328 3434 audiendas
345 3403 570 3440 confeffiones:
591 3418 668 3449 ergo
684 3419 785 3450 neque
796 3412 828 3441 in
840 3411 907 3449 vim
924 3410 1014 3453 hujus
1027 3411 1091 3453 De-

60 3471 65 3476 ,
116 3443 238 3479 cretalis
249 3443 289 3482 est
299 3443 444 3485 eligibilis,
456 3469 463 3476 .

195 3485 295 3526 Prosp-
305 3488 333 3517 F
335 3496 446 3525 agnan-
456 3491 487 3520 in
497 3491 534 3522 V.
547 3489 618 3522 Lib.
626 3493 785 3525 Decretal.

2000 164 2087 206 321

1197 221 1359 258 Secundo,
1368 227 1407 257 de
1415 228 1538 260 duobus
1548 230 1785 268 impedimentis
1796 232 1832 263 ad
1844 230 1961 265 actum,
1973 239 2039 261 uno
2050 231 2141 263 subla·
2161 243 2183 273 7

1158 271 1212 299 to,
1233 266 1376 296 &altero
1385 276 1586 306 remanente,
1609 271 1696 304 actus
1705 273 1847 313 expediti
1864 282 1928 304 non
1940 272 2038 311 petest
2051 293 2059 306 ‚
2075 282 2139 312 cap.

1156 305 1214 340 ,Ex
1222 314 1344 336 tuarum
1355 327 1364 341 ‚
1377 308 1471 347 ficpra
1480 309 1516 340 de
1527 312 1659 350 usupall.
1671 314 1778 354 &mp-
1788 313 1956 352 Pastoralis
1965 335 1974 348 ,
1995 315 2085 353 deprt
2093 324 2141 345 vi-

1155 345 1280 384 leg.Sed
1290 348 1736 392 duoiiupediunt‚quominus
1747 356 1939 390 sacerdotes,
1956 356 2141 395 quamvisin
2162 360 2181 389 8

1157 389 1203 419 sui
1220 390 1424 421 ordinatione
1435 391 1613 425 absolvendi
1633 397 1814 434 potestatem
1832 398 2023 436 receperint,
2045 396 2138 427 absol-

1155 438 1230 459 vere
1241 431 1572 473 poenitentesposfint3
1594 445 1729 474 quorum
1752 448 1849 469 unum
1872 438 2035 479 personam
2046 438 2139 477 respi-

1156 472 1344 507 citiplorum
1355 471 1568 508 sacerdotum,
1591 478 1738 510 videlicet
1759 479 1782 510 si
1806 490 1871 511 non
1896 479 1953 511 sint
1976 479 2135 519 approbati

1141 511 1194 543 ¹ab
1204 511 1378 544 Ordinatio
1388 533 1397 548 ,
1420 514 1469 545 vel
1481 516 1656 553 parochiale
1667 520 1855 552 beneficIum
1868 531 1932 553 non
1942 521 2106 552 obtineant
2130 541 2141 554 ς

1154 551 1230 584 άίὶὶ.
1249 561 1312 593 cap.
1336 562 1383 592 ις,
1405 555 1538 587 alterum
1558 561 1642 596 quod
1667 563 1857 599 poenitentes
1880 562 2004 602 respicit
2025 583 2034 597 ‚
2065 560 2140 593 idest

1155 593 1177 624 si
1199 596 1232 625 in
1256 605 1311 626 eos
1342 596 1589 636 jurisdictionem
1611 610 1675 631 non
1700 602 1830 635 babeant
1851 625 1860 639 ‚
1889 614 1952 645 cap.
1985 604 2110 636 Placuit
2130 624 2139 637 ·

1154 635 1289 676 αι’(ἰὶηὲὶ.
1305 638 1333 666 6.
1351 645 1414 676 cap.
1433 639 1558 674 Omnis,
1567 639 1617 670 ubi
1631 651 1777 676 notatur,
1791 644 1885 682 supra
1906 647 2006 676 eodem
2028 657 2038 674 .·
2062 653 2139 684 ergo

1154 679 1296 716 quamvis
1307 687 1344 709 ex
1366 680 1532 719 privilegio
1550 680 1638 721 hujus
1661 692 1763 714 textus
1782 684 1933 718 sublatum
1952 686 1987 717 sit
2010 687 2141 726 impedi-

1154 727 1299 749 mentum
1309 730 1345 750 ex
1355 718 1478 753 defectu
1486 722 1574 761 jurisd
1582 724 1729 761 ictionis3
1751 727 1824 764 quia
1835 735 1937 758 tamen
1948 737 2088 758 remanet
2099 726 2142 758 al-

1154 768 1256 790 terum
1265 770 1302 791 ex
1315 760 1510 793 inhabilitate
1519 763 1646 806 persone
1656 764 1918 801 confefforismon
1928 770 2043 805 poterit
2053 768 2140 799 actus

1155 800 1360 836 absolutionis
1377 805 1532 841 expediri.
1556 805 1663 846 Atque
1682 807 1744 838 hoc
1753 817 1942 848 argumento
1961 811 1992 840 in
2002 809 2059 840 bac
2078 819 2142 841 rna·

1156 844 1232 913 teri?
1244 844 1446 890 utiturgloffa
1456 847 1489 875 in
1508 846 1590 878 disto
1599 856 1660 888 cap·
1670 849 1801 884 Omnis,
1823 851 1856 880 in
1866 847 1952 881 verb.
1963 849 2142 891 Alienosa-

1152 893 1202 915 cer
1227 893 1286 914 oti.

1195 923 1414 958 Confirmatur
1424 937 1643 969 argumentum
1655 953 1663 963 .
1674 933 1746 972 quia
1757 931 1835 965 ficut
1848 943 1913 964 non
1923 933 2037 964 sufficit
2046 934 2141 974 privi-
2163 947 2184 977 9

1152 965 1267 1005 legium
1289 966 1514 1007 Regulatium,
1538 973 1824 1010 utposiintalienos
1834 973 2046 1006 parochianos
2065 975 2143 1006 reci-

1151 1016 1225 1046 pere
1236 1011 1271 1039 ad
1291 1011 1516 1050 penitentiam,
1540 1013 1586 1044 sed
1599 1015 2027 1056 requiritutlicentiaproprii
2047 1016 2142 1048 sacer-

1151 1050 1235 1081 dotis
1245 1070 1253 1083 ,
1275 1051 1362 1089 gloss.
1376 1054 1409 1081 iri
1421 1053 1495 1083 dili.
1505 1056 1689 1094 cap-Omnis
1698 1079 1707 1093 ‚
1716 1059 1750 1087 in
1760 1058 1862 1089 eodem
1871 1055 1958 1089 verb.
1969 1057 2142 1096 Alienosa-

1149 1092 1286 1125 cerdati,
1310 1091 1528 1133 nififintsuper
1538 1096 1598 1126 boc
1617 1097 1988 1139 specialiterprivilegiati
2001 1120 2010 1134 ,
2032 1101 2065 1130 in
2077 1101 2143 1140 qui-

1151 1131 1207 1162 bus
1217 1134 1359 1163 terminis
1368 1137 1514 1171 procedit
1523 1136 1738 1178 Extravagans
1747 1142 1810 1172 Vas
1819 1140 1972 1172 eleffsonis
1981 1162 1990 1176 ‚
2007 1141 2044 1172 de
2053 1138 2142 1171 haere-

1148 1174 1199 1202 tic.
1209 1181 1243 1203 ut
1251 1173 1386 1204 declarat
1398 1177 1430 1205 in
1443 1178 1586 1214 praedicta
1597 1178 1758 1212 Decretali
1769 1203 1778 1216 ‚
1796 1183 1925 1217 Omnis,
1945 1183 2140 1224 Joan.Andr.

1148 1214 1182 1245 &
1203 1213 1270 1252 post
1290 1224 1363 1246 eum
1383 1216 1463 1247 Abb.
1487 1227 1567 1248 num.
1587 1227 1634 1259 14.
1656 1222 1737 1261 vers.
1759 1224 1824 1253 Sed
1846 1222 1940 1266 J0a'n.
1963 1224 2070 1255 Andr.
2095 1225 2139 1254 ita

1148 1264 1216 1285 non
1240 1253 1352 1286 sufficit
1373 1256 1503 1289 licentia
1525 1262 1646 1298 proprii
1667 1260 1838 1295 sacerdotis
1860 1285 1869 1298 ‚
1898 1266 1948 1295 cui
1971 1266 2139 1305 :equivalet

1151 1295 1278 1327 licentia
1299 1307 1336 1326 ex
1359 1299 1528 1340 privilegio
1551 1303 1628 1341 juris
1649 1323 1659 1338 ‚
1682 1302 1740 1334 nisi
1762 1303 1816 1335 ille
1839 1306 1892 1345 qni
1916 1306 2023 1336 audite
2047 1307 2139 1337 debet

1149 1336 1379 1386 confessiones,
1401 1339 1477 1372 alias
1500 1342 1634 1375 idoneus
1655 1343 1691 1376 fit
1711 1366 1720 1379 ‚
1744 1354 1777 1376 ut
1797 1346 1891 1386 possit
1911 1346 2070 1378 absolvere
2091 1357 2140 1387 pe-

1147 1387 1285 1410 nitentes
1296 1400 1304 1407 ·

1190 1419 1322 1456 Tertio,
1344 1424 1471 1462 quando
1488 1424 1669 1466 simplicitet
1687 1429 1780 1459 datur
1798 1429 1924 1461 licentia
1942 1429 2139 1462 parochiano
2166 1438 2202 1462 ιε

1146 1460 1526 1502 eligendiconfefforem,
1550 1478 1615 1500 non
1626 1470 1725 1509 potest
1735 1470 1827 1511 eligi,
1851 1470 1906 1502 nisi
1924 1474 1964 1508 is,
1986 1471 2140 1511 quihabet

1147 1506 1389 1539 executionem,
1411 1509 1528 1547 utputa
1545 1508 1702 1546 curatus,
1723 1512 1812 1551 gloss.
1833 1513 1986 1553 praealleg.
2006 1514 2040 1546 Sc
2061 1513 2141 1545 Abb.

1145 1546 1178 1575 in
1188 1544 1263 1576 ditl.
1273 1554 1337 1585 cap.
1355 1549 1484 1585 Omnis,
1507 1561 1588 1582 num.
1603 1561 1645 1592 14.
1659 1553 1739 1593 εἶσί]-
1756 1556 1789 1584 in
1808 1555 1948 1586 Clemen.
1962 1566 1987 1586 1.
2005 1558 2040 1585 in
2057 1552 2142 1586 verb.

1146 1587 1300 1626 speciali,
1309 1589 1345 1620 de
1351 1591 1494 1629 privileg.
1506 1593 1540 1624 &
1552 1593 1667 1625 ibidem
1679 1594 1810 1627 Cardin.
1820 1606 1848 1633 q.
1864 1605 1910 1637 33.
1921 1598 1954 1628 &
1970 1597 2052 1627 idem
2064 1594 2141 1628 Car-

1145 1629 1252 1659 din.in
1261 1630 1414 1663 Clement.
1428 1632 1859 1678 1.quaes}.14.aeffc..Vicar.
1879 1641 1911 1671 δε
1925 1638 2018 1670 latins
2036 1640 2141 1669 dicam

1145 1668 1227 1702 infra
1237 1681 1318 1703 nuni.
1331 1680 1464 1720 53.erg0
1478 1676 1561 1707 idem
1570 1679 1698 1718 quando
1716 1678 1991 1721 ajurehujusmodi
2012 1679 2139 1711 licentia

1147 1713 1295 1745 tribuitur
1305 1735 1314 1749 ‚
1324 1723 1358 1746 ut
1370 1714 1437 1746 hic.

1187 1751 1317 1794 Quarto
1329 1777 1338 1787 .
1359 1754 1435 1788 facit
1447 1760 1548 1795 ratio,
1569 1770 1628 1800 qua
1645 1772 1792 1794 movetur
1802 1763 1898 1803 glossa
1910 1786 1919 1799 ‚
1942 1763 2066 1797 &Abb.
2081 1762 2134 1794 ubi

1145 1793 1231 1842 supra
1241 1807 1251 1825 .·
1272 1797 1387 1837 eligere
1397 1800 1482 1831 enim
1492 1801 1700 1834 confessorem
1710 1805 1750 1835 est
1761 1814 1930 1845 prorogare
1941 1809 2008 1845 ejus
2019 1805 2135 1843 iurisdi÷

1145 1836 1303 1871 ctionem,
1327 1842 1505 1880 undejudex
1516 1851 1700 1884 prorogatus
1718 1847 1958 1887 cognoscitjure
1968 1848 2099 1886 proprio
2122 1868 2129 1877 .

1145 1879 1188 1911 At
1199 1880 1339 1911 sacerdos
1351 1892 1414 1912 non
1425 1885 1705 1926 approbatusjuxta
1715 1889 1876 1920 decretum
1887 1888 2042 1922 concilii,
2056 1887 2133 1920 licet

1145 1920 1254 1951 habear
1278 1922 1528 1961 jurisdictionem
1553 1926 1655 1961 illam,
1678 1929 1753 1960 idest
1775 1931 1973 1978 potentinum
2000 1940 2065 1961 non
2090 1939 2131 1961 ta-

1144 1962 1321 1995 menlinbet
1343 1964 1464 1996 actum.
1488 1966 1574 2007 Ergo
1596 1973 1788 2008 nonpoterit
1807 1971 1889 2003 illius
1911 1971 2134 2011 jurisdictionis

1144 2005 1293 2034 executio
1316 2014 1369 2042 per
1392 2006 1559 2045 eligentem
1582 2014 1764 2050 prorogari.
1787 2011 1860 2043 Nec
1883 2013 2055 2052 applicatur
2079 2013 2135 2044 res-
2162 2023 2165 2025 ’

1144 2043 1255 2083 ponfio
1266 2045 1396 2079 Abbatis
1407 2049 1438 2078 in
1450 2047 1551 2080 Clem.
1566 2058 1681 2084 1.num.
1698 2055 1741 2084 16.
1761 2053 1799 2084 de
1809 2055 1948 2092 privileg.
1973 2055 2034 2094 poli
2045 2054 2134 2087 Host.

1143 2096 1176 2115 ιη
1187 2088 1336 2123 Summa,
1356 2088 1392 2118 de
1401 2093 1593 2132 pomis-vers.
1603 2095 1663 2124 Cui
1680 2092 1882 2135 confitendum
1895 2117 1904 2130 ,
1927 2105 2008 2126 num.
2023 2095 2134 2137 iri-poss

1141 2126 1220 2158 med.
1242 2128 1325 2168 quod
1348 2132 1496 2162 executio
1516 2135 1687 2172 impeditur
1697 2145 1735 2167 ex
1761 2135 1884 2168 defectu
1909 2136 2102 2169 subditorum
2125 2159 2135 2173 ,

1141 2170 1227 2208 quod
1238 2171 1345 2206 cessat,
1357 2174 1484 2211 quando
1496 2173 1603 2214 aliquis
1613 2176 1706 2207 alicui
1718 2177 1868 2210 sacerdoti
1882 2178 1910 2209 se
1920 2178 2061 2219 legitime
2071 2179 2135 2210 sub-

1139 2211 1206 2251 jicit
1219 2231 1229 2245 ‚
1250 2212 1367 2250 utputa
1379 2214 1603 2252 perlicentiam
1616 2217 1810 2257 legitimam:
1832 2230 1904 2251 nam
1916 2220 1977 2251 hoc
1987 2224 2134 2260 procede-

1140 2250 1257 2287 1·et,nisi
1268 2253 1350 2284 aliud
1363 2254 1487 2286 subesset
1498 2259 1759 2296 impedimentum
1769 2263 1802 2292 in
1812 2261 1941 2299 persona
1951 2262 2135 2295 confessoris

1141 2298 1332 2332 proveniens
1350 2306 1387 2326 ex
1399 2307 1438 2335 eo
1450 2318 1457 2329 .
1479 2299 1563 2338 quod
1582 2310 1647 2332 non
1659 2302 1698 2332 est
1719 2303 1906 2343 approbatus
1918 2324 1925 2331 -
1947 2303 2037 2336 Sicut
2055 2314 2132 2345 ergo
2182 2332 2186 2335 .

1145 2345 1209 2366 non
1220 2336 1320 2383 potest
1330 2337 1726 2377 eligiexcommunicatus,
1750 2354 1847 2383 utper
1865 2343 2131 2385 Hostiens.ubisu-

1136 2380 1234 2449 frajlrr
1244 2383 1270 2413 ς.
1281 2380 1340 2411 Cui
1350 2380 1553 2417 Pati-iarcha,
1563 2385 1694 2415 num.18.
1705 2386 1750 2416 ita
1759 2396 1817 2418 nec
1826 2385 1880 2417 ifle
1889 2387 1905 2417 :i
1915 2385 2073 2418 Concilio
2084 2389 2131 2420 in-

1150 2428 1175 2448 m.
1201 2431 1206 2448 ι
1224 2427 1333 2451 iratus.

1180 2459 1224 2490 Ex
1236 2462 1346 2498 quibus
1358 2462 1614 2496 concludendum
1625 2476 1698 2498 cum
1708 2467 1777 2499 Abb
1790 2467 1840 2498 hic
1849 2466 2128 2509 infine,&Capell.

1137 2500 1265 2531 Tholos.
1274 2501 1360 2541 decis.
1372 2511 1439 2532 2:2-
1450 2504 1541 2535 talem
1554 2506 1732 2546 eligendum
1741 2517 1795 2547 per
1807 2507 1979 2549 Episcopos
1988 2532 1996 2544 ,
2009 2510 2128 2543 &Prae-

1138 2541 1219 2572 latos
1230 2541 1412 2574 debereeffe
1428 2544 1601 2581 Curatum,
1625 2549 1674 2579 vel
1684 2549 1759 2580 alias
1776 2548 1888 2581 habere
1899 2551 2082 2590 potestatem
2094 2553 2130 2584 li-

1160 2583 1249 2616 andi,
1273 2583 1455 2617 &solvendi
1468 2587 1499 2616 in
1511 2587 1598 2624 adim
1619 2591 1705 2629 quod
1722 2591 1824 2622 multo
1837 2594 1936 2632 magis
1955 2595 2128 2626 tenendum

1136 2622 1179 2655 est
1188 2623 1252 2662 post
1263 2622 1447 2657 Concilium
1461 2647 1470 2661 ‚
1492 2638 1556 2668 quo
1567 2630 1706 2668 expresse
1714 2633 1748 2662 in
1757 2631 1786 2662 d.
1797 2642 1860 2672 cap.
1873 2642 1918 2673 ¹5·
1935 2635 2127 2667 inhabilitari

1137 2664 1343 2700 suntotnnes,
1365 2671 1417 2706 qui
1428 2671 1864 2708 autparocliialebeneficium
1875 2685 1942 2707 non
1952 2676 2098 2708 obtinent
2115 2698 2124 2712 ‚

1138 2715 1189 2737 aut
1199 2706 1274 2737 alias
1286 2709 1446 2746 approbati
1457 2720 1522 2742 non
1533 2712 1613 2745 sunt.

1176 2746 1256 2795 Non
1266 2748 2064 2798 obstatratio‚obquampraeciptidl-Xostmbisupra,
2088 2760 2123 2791 ὅ(
2148 2758 2184 2790 ¹4

1134 2788 1250 2825 Abbati
1259 2789 1420 2822 d.Clem.1.
1430 2792 1582 2833 deprivil.
1593 2798 1625 2830 &
1636 2798 1776 2839 plerique
1788 2800 1838 2830 alii
1849 2809 1922 2831 ante
1931 2799 2121 2832 Concilium

1136 2839 1304 2862 tenuerunt
1320 2831 1473 2869 sufficere,
1497 2844 1529 2869 ut
1540 2837 1619 2869 solus
1629 2838 1771 2870 sacerdos
1787 2840 1893 2871 habitu
1903 2841 2014 2872 babeat
2033 2850 2119 2879 pote-

1134 2871 1240 2903 statem
1251 2872 1428 2906 absolvendi
1439 2877 1474 2907 ad
1486 2877 1546 2909 hoc
1555 2899 1564 2912 ‚
1576 2888 1608 2909 ut
1619 2880 1701 2911 illius
1710 2883 1855 2911 executio
1862 2891 1917 2921 per
1926 2881 2119 2915 electionem

1132 2922 1338 2953 prorogetur,
1361 2917 1515 2948 adnotata
1535 2920 1555 2948 l.
1570 2919 1743 2957 rdejuaic.
1759 2924 1847 2961 quia,
1873 2923 2085 2955 urdictumest
2105 2945 2116 2959 ‚

1131 2957 1331 2994 procederet,
1355 2956 1548 2994 nisilubeffet
1566 2960 1939 3001 alutdimpediinentum‚
1961 2964 2054 3005 quam
2078 2975 2116 2998 ex

1130 2995 1253 3031 deseth
1263 2997 1279 3027 s
1276 2997 1421 3029 ubditorn
1427 3009 1455 3029 m
1465 3021 1472 3029 .

1171 3037 1250 3069 Non
1263 3039 1378 3073 obstat,
1401 3038 1555 3072 sidicarut
1565 3052 1637 3074 cum
1655 3043 1809 3077 Hostiens.
1821 3043 2012 3087 ubisuprain
2021 3050 2117 3085 §.Cui
2138 3058 2174 3091 15

1129 3078 1321 3110 patriarcha
1343 3101 1352 3114 ‚
1374 3080 1585 3113 confessorem
1606 3084 1742 3117 electum
1765 3086 1801 3117 ab
1824 3086 1979 3129 Episcopo
1999 3090 2115 3123 habere

1128 3119 1213 3151 illam
1236 3120 1420 3158 potestatem
1443 3142 1452 3156 ‚
1482 3132 1574 3162 quam
1597 3124 1687 3157 babet
1708 3127 1876 3167 Episcopus
1904 3131 1937 3162 in
1960 3131 2112 3164 subditum

1127 3160 1232 3195 suum,
1255 3161 1343 3192 habet
1355 3162 1536 3199 potestatem
1547 3165 1721 3198 absolvendi
1735 3179 1743 3201 ;
1764 3179 1858 3210 ergo,
1880 3172 1942 3204 &e.
1953 3171 2042 3216 Qiia
2054 3172 2112 3205 tes·

1127 3203 1283 3249 ponder-ur
1313 3211 1533 3240 argumentum
1555 3214 1629 3238 tunc
1651 3208 1829 3243 habiturum
1851 3212 1956 3245 locum
1977 3235 1987 3249 ‚
2017 3224 2111 3256 quan-

1124 3244 1168 3274 do
1200 3241 1367 3282 Episcopus
1397 3244 1524 3283 eligeret
1554 3248 1746 3282 sacerdotem
1774 3251 1827 3284 sibi
1859 3253 2012 3288 subditum
2032 3265 2040 3286 :
2071 3266 2110 3288 ex

1126 3283 1294 3355 hocbeffim
1317 3286 1470 3324 quoniam
1492 3287 1582 3321 illum
1604 3290 1751 3331 eligeret,
1774 3295 1872 3329 tacite
1890 3297 2051 3330 videretur
2060 3308 2111 3338 ap-

1127 3334 1185 3366 pro
1209 3335 1223 3354 a
1250 3335 1281 3355 e.
2029 3354 2031 3356 »

1169 3365 1247 3397 Non
1260 3365 1358 3415 obstat
1367 3386 1376 3400 ‚
1385 3364 1470 3407 quod
1481 3369 1551 3402 talis
1561 3373 1717 3406 confessor
1727 3376 1872 3410 videatur
1881 3381 2061 3413 ordinatius
2069 3389 2107 3412 ex
2132 3386 2170 3416 16

1127 3417 1187 3454 ²⁰?
1208 3408 1295 3446 quod
1315 3408 1410 3446 alege
1431 3412 1755 3452 accipiatpotestatem
1779 3417 1860 3452 facta
1880 3421 2039 3454 electione
2053 3431 2106 3460 pet

1126 3447 1331 3490 Episcopum,
1352 3458 1451 3490 utpcr
1468 3451 1611 3490 Hossien.
1631 3455 1803 3500 abifiapr123
1823 3461 1980 3495 confessor
2001 3470 2106 3533 utitem

1748 3525 1758 3532 a
1987 3512 2033 3535 01¹⁸
2046 3513 2065 3533 1-

2161 1771 2193 1796 11

2161 1898 2197 1921 12

2159 2215 2194 2248 13
